@ARTICLE{wang2011,
   author = {{Wang}, H. and {Mo}, H.~J. and {Jing}, Y.~P. and {Yang}, X. and 
	{Wang}, Y.},
    title = "{Internal properties and environments of dark matter haloes}",
  journal = {\mnras},
archivePrefix = "arXiv",
   eprint = {1007.0612},
 keywords = {methods: statistical, galaxies: haloes, dark matter, large-scale structure of Universe},
     year = 2011,
    month = may,
   volume = 413,
    pages = {1973-1990},
      doi = {10.1111/j.1365-2966.2011.18301.x},
   adsurl = {http://adsabs.harvard.edu/abs/2011MNRAS.413.1973W},
  adsnote = {Provided by the SAO/NASA Astrophysics Data System}
}
@ARTICLE{hahn2009,
   author = {{Hahn}, O. and {Porciani}, C. and {Dekel}, A. and {Carollo}, C.~M.
	},
    title = "{Tidal effects and the environment dependence of halo assembly}",
  journal = {\mnras},
archivePrefix = "arXiv",
   eprint = {0803.4211},
 keywords = {methods: N-body simulations , galaxies: formation , galaxies: haloes , cosmology: theory , dark matter , large-scale structure of Universe},
     year = 2009,
    month = oct,
   volume = 398,
    pages = {1742-1756},
      doi = {10.1111/j.1365-2966.2009.15271.x},
   adsurl = {http://adsabs.harvard.edu/abs/2009MNRAS.398.1742H},
  adsnote = {Provided by the SAO/NASA Astrophysics Data System}
}
@ARTICLE{ZOMGI,
   author = {{Borzyszkowski}, M. and {Porciani}, C. and {Romano-D{\'{\i}}az}, E. and 
	{Garaldi}, E.},
    title = "{ZOMG - I. How the cosmic web inhibits halo growth and generates assembly bias}",
  journal = {\mnras},
archivePrefix = "arXiv",
   eprint = {1610.04231},
 keywords = {galaxies: haloes, dark matter, large-scale structure of Universe, cosmology: theory},
     year = 2017,
    month = jul,
   volume = 469,
    pages = {594-611},
      doi = {10.1093/mnras/stx873},
   adsurl = {http://adsabs.harvard.edu/abs/2017MNRAS.469..594B},
  adsnote = {Provided by the SAO/NASA Astrophysics Data System}
}

@ARTICLE{kraljic2018,
   author = {{Kraljic}, K. and {Arnouts}, S. and {Pichon}, C. and {Laigle}, C. and 
	{de la Torre}, S. and {Vibert}, D. and {Cadiou}, C. and {Dubois}, Y. and 
	{Treyer}, M. and {Schimd}, C. and {Codis}, S. and {de Lapparent}, V. and 
	{Devriendt}, J. and {Hwang}, H.~S. and {Le Borgne}, D. and {Malavasi}, N. and 
	{Milliard}, B. and {Musso}, M. and {Pogosyan}, D. and {Alpaslan}, M. and 
	{Bland-Hawthorn}, J. and {Wright}, A.~H.},
    title = "{Galaxy evolution in the metric of the cosmic web}",
  journal = {\mnras},
archivePrefix = "arXiv",
   eprint = {1710.02676},
 keywords = {large-scale structure of Universe, cosmology: observations, galaxies: evolution, galaxies: high-redshift, galaxies: statistics},
     year = 2018,
    month = feb,
   volume = 474,
    pages = {547-571},
      doi = {10.1093/mnras/stx2638},
   adsurl = {http://adsabs.harvard.edu/abs/2018MNRAS.474..547K},
  adsnote = {Provided by the SAO/NASA Astrophysics Data System}
}

@ARTICLE{tojeiro2017,
   author = {{Tojeiro}, R. and {Eardley}, E. and {Peacock}, J.~A. and {Norberg}, P. and 
	{Alpaslan}, M. and {Driver}, S.~P. and {Henriques}, B. and {Hopkins}, A.~M. and 
	{Kafle}, P.~R. and {Robotham}, A.~S.~G. and {Thomas}, P. and 
	{Tonini}, C. and {Wild}, V.},
    title = "{Galaxy and Mass Assembly (GAMA): halo formation times and halo assembly bias on the cosmic web}",
  journal = {\mnras},
archivePrefix = "arXiv",
   eprint = {1612.08595},
 keywords = {galaxies: haloes, cosmology: observations, large-scale structure of Universe},
     year = 2017,
    month = sep,
   volume = 470,
    pages = {3720-3741},
      doi = {10.1093/mnras/stx1466},
   adsurl = {http://adsabs.harvard.edu/abs/2017MNRAS.470.3720T},
  adsnote = {Provided by the SAO/NASA Astrophysics Data System}
}

@ARTICLE{vdvoort2015,
   author = {{van de Voort}, F. and {Davis}, T.~A. and {Kere{\v s}}, D. and 
	{Quataert}, E. and {Fauchaer-Gigu{\`e}re}, C.-A. and {Hopkins}, P.~F.
	},
    title = "{The creation and persistence of a misaligned gas disc in a simulated early-type galaxy}",
  journal = {\mnras},
archivePrefix = "arXiv",
   eprint = {1504.03685},
 keywords = {methods: numerical, galaxies: elliptical and lenticular, cD, galaxies: evolution, galaxies: formation, galaxies: kinematics and dynamics},
     year = 2015,
    month = aug,
   volume = 451,
    pages = {3269-3277},
      doi = {10.1093/mnras/stv1217},
   adsurl = {http://adsabs.harvard.edu/abs/2015MNRAS.451.3269V},
  adsnote = {Provided by the SAO/NASA Astrophysics Data System}
}

@ARTICLE{jin2016,
   author = {{Jin}, Y. and {Chen}, Y. and {Shi}, Y. and {Tremonti}, C.~A. and 
	{Bershady}, M.~A. and {Merrifield}, M. and {Emsellem}, E. and 
	{Fu}, H. and {Wake}, D. and {Bundy}, K. and {Lin}, L. and {Argudo-Fernandez}, M. and 
	{Huang}, S. and {Stark}, D.~V. and {Storchi-Bergmann}, T. and 
	{Bizyaev}, D. and {Brownstein}, J. and {Chisholm}, J. and {Guo}, Q. and 
	{Hao}, L. and {Hu}, J. and {Li}, C. and {Li}, R. and {Masters}, K.~L. and 
	{Malanushenko}, E. and {Pan}, K. and {Riffel}, R.~A. and {Roman-Lopes}, A. and 
	{Simmons}, A. and {Thomas}, D. and {Wang}, L. and {Westfall}, K. and 
	{Yan}, R.},
    title = "{SDSS-IV MaNGA: properties of galaxies with kinematically decoupled stellar and gaseous components}",
  journal = {\mnras},
archivePrefix = "arXiv",
   eprint = {1611.00528},
 keywords = {Galaxy: abundances, galaxies: evolution, galaxies: formation, galaxies: stellar content, galaxies: structure},
     year = 2016,
    month = nov,
   volume = 463,
    pages = {913-926},
      doi = {10.1093/mnras/stw2055},
   adsurl = {http://adsabs.harvard.edu/abs/2016MNRAS.463..913J},
  adsnote = {Provided by the SAO/NASA Astrophysics Data System}
}


@ARTICLE{planck2016,
   author = {{Planck Collaboration} and {Ade}, P.~A.~R. and {Aghanim}, N. and 
	{Arnaud}, M. and {Ashdown}, M. and {Aumont}, J. and {Baccigalupi}, C. and 
	{Banday}, A.~J. and {Barreiro}, R.~B. and {Bartlett}, J.~G. and et al.},
    title = "{Planck 2015 results. XIII. Cosmological parameters}",
  journal = {\aap},
archivePrefix = "arXiv",
   eprint = {1502.01589},
 keywords = {cosmology: observations, cosmology: theory, cosmic background radiation, cosmological parameters},
     year = 2016,
    month = sep,
   volume = 594,
      eid = {A13},
    pages = {A13},
      doi = {10.1051/0004-6361/201525830},
   adsurl = {http://adsabs.harvard.edu/abs/2016A%26A...594A..13P},
  adsnote = {Provided by the SAO/NASA Astrophysics Data System}
}
@ARTICLE{bundy2015,
   author = {{Bundy}, K. and {Bershady}, M.~A. and {Law}, D.~R. and {Yan}, R. and 
	{Drory}, N. and {MacDonald}, N. and {Wake}, D.~A. and {Cherinka}, B. and 
	{S{\'a}nchez-Gallego}, J.~R. and {Weijmans}, A.-M. and {Thomas}, D. and 
	{Tremonti}, C. and {Masters}, K. and {Coccato}, L. and {Diamond-Stanic}, A.~M. and 
	{Arag{\'o}n-Salamanca}, A. and {Avila-Reese}, V. and {Badenes}, C. and 
	{Falc{\'o}n-Barroso}, J. and {Belfiore}, F. and {Bizyaev}, D. and 
	{Blanc}, G.~A. and {Bland-Hawthorn}, J. and {Blanton}, M.~R. and 
	{Brownstein}, J.~R. and {Byler}, N. and {Cappellari}, M. and 
	{Conroy}, C. and {Dutton}, A.~A. and {Emsellem}, E. and {Etherington}, J. and 
	{Frinchaboy}, P.~M. and {Fu}, H. and {Gunn}, J.~E. and {Harding}, P. and 
	{Johnston}, E.~J. and {Kauffmann}, G. and {Kinemuchi}, K. and 
	{Klaene}, M.~A. and {Knapen}, J.~H. and {Leauthaud}, A. and 
	{Li}, C. and {Lin}, L. and {Maiolino}, R. and {Malanushenko}, V. and 
	{Malanushenko}, E. and {Mao}, S. and {Maraston}, C. and {McDermid}, R.~M. and 
	{Merrifield}, M.~R. and {Nichol}, R.~C. and {Oravetz}, D. and 
	{Pan}, K. and {Parejko}, J.~K. and {Sanchez}, S.~F. and {Schlegel}, D. and 
	{Simmons}, A. and {Steele}, O. and {Steinmetz}, M. and {Thanjavur}, K. and 
	{Thompson}, B.~A. and {Tinker}, J.~L. and {van den Bosch}, R.~C.~E. and 
	{Westfall}, K.~B. and {Wilkinson}, D. and {Wright}, S. and {Xiao}, T. and 
	{Zhang}, K.},
    title = "{Overview of the SDSS-IV MaNGA Survey: Mapping nearby Galaxies at Apache Point Observatory}",
  journal = {\apj},
archivePrefix = "arXiv",
   eprint = {1412.1482},
 keywords = {galaxies: evolution, galaxies: general, surveys, techniques: imaging spectroscopy},
     year = 2015,
    month = jan,
   volume = 798,
      eid = {7},
    pages = {7},
      doi = {10.1088/0004-637X/798/1/7},
   adsurl = {http://adsabs.harvard.edu/abs/2015ApJ...798....7B},
  adsnote = {Provided by the SAO/NASA Astrophysics Data System}
}
@ARTICLE{krajnovic2006,
   author = {{Krajnovi{\'c}}, D. and {Cappellari}, M. and {de Zeeuw}, P.~T. and 
	{Copin}, Y.},
    title = "{Kinemetry: a generalization of photometry to the higher moments of the line-of-sight velocity distribution}",
  journal = {\mnras},
   eprint = {astro-ph/0512200},
 keywords = {methods: data analysis, techniques: photometric, techniques: spectroscopic, galaxies: kinematics and dynamics, galaxies: photometry},
     year = 2006,
    month = mar,
   volume = 366,
    pages = {787-802},
      doi = {10.1111/j.1365-2966.2005.09902.x},
   adsurl = {http://adsabs.harvard.edu/abs/2006MNRAS.366..787K},
  adsnote = {Provided by the SAO/NASA Astrophysics Data System}
}

@ARTICLE{yang2005,
       author = {{Yang}, Xiaohu and {Mo}, H.~J. and {van den Bosch}, Frank C. and
         {Jing}, Y.~P.},
        title = "{A halo-based galaxy group finder: calibration and application to the 2dFGRS}",
      journal = {\mnras},
     keywords = {methods: statistical, galaxies: haloes, dark matter, large-scale structure of the Universe, Astrophysics},
         year = "2005",
        month = "Feb",
       volume = {356},
       number = {4},
        pages = {1293-1307},
          doi = {10.1111/j.1365-2966.2005.08560.x},
archivePrefix = {arXiv},
       eprint = {astro-ph/0405234},
 primaryClass = {astro-ph},
       adsurl = {https://ui.adsabs.harvard.edu/abs/2005MNRAS.356.1293Y},
      adsnote = {Provided by the SAO/NASA Astrophysics Data System}
}

@ARTICLE{yang2007,
   author = {{Yang}, X. and {Mo}, H.~J. and {van den Bosch}, F.~C. and {Pasquali}, A. and 
	{Li}, C. and {Barden}, M.},
    title = "{Galaxy Groups in the SDSS DR4. I. The Catalog and Basic Properties}",
  journal = {\apj},
archivePrefix = "arXiv",
   eprint = {0707.4640},
 keywords = {Cosmology: Dark Matter, Galaxies: Halos, Cosmology: Large-Scale Structure of Universe, Methods: Statistical},
     year = 2007,
    month = dec,
   volume = 671,
    pages = {153-170},
      doi = {10.1086/522027},
   adsurl = {http://adsabs.harvard.edu/abs/2007ApJ...671..153Y},
  adsnote = {Provided by the SAO/NASA Astrophysics Data System}
}

@ARTICLE{lim2015,
   author = {{Lim}, S.~H. and {Mo}, H.~J. and {Wang}, H. and {Yang}, X.},
    title = "{An observational proxy of halo assembly time and its correlation with galaxy properties}",
  journal = {\mnras},
archivePrefix = "arXiv",
   eprint = {1502.01256},
 keywords = {methods: statistical, galaxies: evolution, galaxies: formation, galaxies: haloes},
     year = 2016,
    month = jan,
   volume = 455,
    pages = {499-510},
      doi = {10.1093/mnras/stv2282},
   adsurl = {http://adsabs.harvard.edu/abs/2016MNRAS.455..499L},
  adsnote = {Provided by the SAO/NASA Astrophysics Data System}
}

@ARTICLE{zehavi2018,
   author = {{Zehavi}, I. and {Contreras}, S. and {Padilla}, N. and {Smith}, N.~J. and 
	{Baugh}, C.~M. and {Norberg}, P.},
    title = "{The Impact of Assembly Bias on the Galaxy Content of Dark Matter Halos}",
  journal = {\apj},
archivePrefix = "arXiv",
   eprint = {1706.07871},
 keywords = {cosmology: theory, galaxies: evolution, galaxies: formation, galaxies: halos, galaxies: statistics },
     year = 2018,
    month = jan,
   volume = 853,
      eid = {84},
    pages = {84},
      doi = {10.3847/1538-4357/aaa54a},
   adsurl = {http://adsabs.harvard.edu/abs/2018ApJ...853...84Z},
  adsnote = {Provided by the SAO/NASA Astrophysics Data System}
}

@ARTICLE{sousbie2011a,
   author = {{Sousbie}, T.},
    title = "{The persistent cosmic web and its filamentary structure - I. Theory and implementation}",
  journal = {\mnras},
archivePrefix = "arXiv",
   eprint = {1009.4015},
 keywords = {methods: data analysis, methods: numerical, galaxies: formation, galaxies: kinematics and dynamics, cosmology: observations, large-scale structure of Universe},
     year = 2011,
    month = jun,
   volume = 414,
    pages = {350-383},
      doi = {10.1111/j.1365-2966.2011.18394.x},
   adsurl = {http://adsabs.harvard.edu/abs/2011MNRAS.414..350S},
  adsnote = {Provided by the SAO/NASA Astrophysics Data System}
}

@ARTICLE{sousbie2011b,
   author = {{Sousbie}, T. and {Pichon}, C. and {Kawahara}, H.},
    title = "{The persistent cosmic web and its filamentary structure - II. Illustrations}",
  journal = {\mnras},
archivePrefix = "arXiv",
   eprint = {1009.4014},
 keywords = {methods: data analysis, galaxies: formation, galaxies: kinematics and dynamics, cosmology: observations, dark matter, large-scale structure of Universe},
     year = 2011,
    month = jun,
   volume = 414,
    pages = {384-403},
      doi = {10.1111/j.1365-2966.2011.18395.x},
   adsurl = {http://adsabs.harvard.edu/abs/2011MNRAS.414..384S},
  adsnote = {Provided by the SAO/NASA Astrophysics Data System}
}


@ARTICLE{driver2009,
   author = {{Driver}, S.~P. and {Norberg}, P. and {Baldry}, I.~K. and {Bamford}, S.~P. and 
	{Hopkins}, A.~M. and {Liske}, J. and {Loveday}, J. and {Peacock}, J.~A. and 
	{Hill}, D.~T. and {Kelvin}, L.~S. and {Robotham}, A.~S.~G. and 
	{Cross}, N.~J.~G. and {Parkinson}, H.~R. and {Prescott}, M. and 
	{Conselice}, C.~J. and {Dunne}, L. and {Brough}, S. and {Jones}, H. and 
	{Sharp}, R.~G. and {van Kampen}, E. and {Oliver}, S. and {Roseboom}, I.~G. and 
	{Bland-Hawthorn}, J. and {Croom}, S.~M. and {Ellis}, S. and 
	{Cameron}, E. and {Cole}, S. and {Frenk}, C.~S. and {Couch}, W.~J. and 
	{Graham}, A.~W. and {Proctor}, R. and {De Propris}, R. and {Doyle}, I.~F. and 
	{Edmondson}, E.~M. and {Nichol}, R.~C. and {Thomas}, D. and 
	{Eales}, S.~A. and {Jarvis}, M.~J. and {Kuijken}, K. and {Lahav}, O. and 
	{Madore}, B.~F. and {Seibert}, M. and {Meyer}, M.~J. and {Staveley-Smith}, L. and 
	{Phillipps}, S. and {Popescu}, C.~C. and {Sansom}, A.~E. and 
	{Sutherland}, W.~J. and {Tuffs}, R.~J. and {Warren}, S.~J.},
    title = "{GAMA: towards a physical understanding of galaxy formation}",
  journal = {Astronomy and Geophysics},
archivePrefix = "arXiv",
   eprint = {0910.5123},
 primaryClass = "astro-ph.CO",
     year = 2009,
    month = oct,
   volume = 50,
   number = 5,
    pages = {5.12-5.19},
      doi = {10.1111/j.1468-4004.2009.50512.x},
   adsurl = {http://adsabs.harvard.edu/abs/2009A%26G....50e..12D},
  adsnote = {Provided by the SAO/NASA Astrophysics Data System}
}

@ARTICLE{driver2011,
   author = {{Driver}, S.~P. and {Hill}, D.~T. and {Kelvin}, L.~S. and {Robotham}, A.~S.~G. and 
	{Liske}, J. and {Norberg}, P. and {Baldry}, I.~K. and {Bamford}, S.~P. and 
	{Hopkins}, A.~M. and {Loveday}, J. and {Peacock}, J.~A. and 
	{Andrae}, E. and {Bland-Hawthorn}, J. and {Brough}, S. and {Brown}, M.~J.~I. and 
	{Cameron}, E. and {Ching}, J.~H.~Y. and {Colless}, M. and {Conselice}, C.~J. and 
	{Croom}, S.~M. and {Cross}, N.~J.~G. and {de Propris}, R. and 
	{Dye}, S. and {Drinkwater}, M.~J. and {Ellis}, S. and {Graham}, A.~W. and 
	{Grootes}, M.~W. and {Gunawardhana}, M. and {Jones}, D.~H. and 
	{van Kampen}, E. and {Maraston}, C. and {Nichol}, R.~C. and 
	{Parkinson}, H.~R. and {Phillipps}, S. and {Pimbblet}, K. and 
	{Popescu}, C.~C. and {Prescott}, M. and {Roseboom}, I.~G. and 
	{Sadler}, E.~M. and {Sansom}, A.~E. and {Sharp}, R.~G. and {Smith}, D.~J.~B. and 
	{Taylor}, E. and {Thomas}, D. and {Tuffs}, R.~J. and {Wijesinghe}, D. and 
	{Dunne}, L. and {Frenk}, C.~S. and {Jarvis}, M.~J. and {Madore}, B.~F. and 
	{Meyer}, M.~J. and {Seibert}, M. and {Staveley-Smith}, L. and 
	{Sutherland}, W.~J. and {Warren}, S.~J.},
    title = "{Galaxy and Mass Assembly (GAMA): survey diagnostics and core data release}",
  journal = {\mnras},
archivePrefix = "arXiv",
   eprint = {1009.0614},
 keywords = {surveys, galaxies: distances and redshifts, galaxies: fundamental parameters, galaxies: general, galaxies: statistics},
     year = 2011,
    month = may,
   volume = 413,
    pages = {971-995},
      doi = {10.1111/j.1365-2966.2010.18188.x},
   adsurl = {http://adsabs.harvard.edu/abs/2011MNRAS.413..971D},
  adsnote = {Provided by the SAO/NASA Astrophysics Data System}
}

@ARTICLE{gao2007,
   author = {{Gao}, L. and {White}, S.~D.~M.},
    title = "{Assembly bias in the clustering of dark matter haloes}",
  journal = {\mnras},
   eprint = {astro-ph/0611921},
 keywords = {methods: N-body simulations, methods: numerical, galaxies: haloes, galaxies: clustering, dark matter},
     year = 2007,
    month = apr,
   volume = 377,
    pages = {L5-L9},
      doi = {10.1111/j.1745-3933.2007.00292.x},
   adsurl = {http://adsabs.harvard.edu/abs/2007MNRAS.377L...5G},
  adsnote = {Provided by the SAO/NASA Astrophysics Data System}
}

@ARTICLE{liu2011,
   author = {{Liu}, L. and {Gerke}, B.~F. and {Wechsler}, R.~H. and {Behroozi}, P.~S. and 
	{Busha}, M.~T.},
    title = "{How Common are the Magellanic Clouds?}",
  journal = {\apj},
archivePrefix = "arXiv",
   eprint = {1011.2255},
 keywords = {dark matter, galaxies: dwarf, galaxies: statistics, Local Group, Magellanic Clouds},
     year = 2011,
    month = may,
   volume = 733,
      eid = {62},
    pages = {62},
      doi = {10.1088/0004-637X/733/1/62},
   adsurl = {http://adsabs.harvard.edu/abs/2011ApJ...733...62L},
  adsnote = {Provided by the SAO/NASA Astrophysics Data System}
}

@ARTICLE{berlind2003,
   author = {{Berlind}, A.~A. and {Weinberg}, D.~H. and {Benson}, A.~J. and 
	{Baugh}, C.~M. and {Cole}, S. and {Dav{\'e}}, R. and {Frenk}, C.~S. and 
	{Jenkins}, A. and {Katz}, N. and {Lacey}, C.~G.},
    title = "{The Halo Occupation Distribution and the Physics of Galaxy Formation}",
  journal = {\apj},
   eprint = {astro-ph/0212357},
 keywords = {Cosmology: Theory, Galaxies: Formation, Galaxies: Halos, Cosmology: Large-Scale Structure of Universe},
     year = 2003,
    month = aug,
   volume = 593,
    pages = {1-25},
      doi = {10.1086/376517},
   adsurl = {http://adsabs.harvard.edu/abs/2003ApJ...593....1B},
  adsnote = {Provided by the SAO/NASA Astrophysics Data System}
}

@ARTICLE{yang2008,
   author = {{Yang}, X. and {Mo}, H.~J. and {van den Bosch}, F.~C.},
    title = "{Galaxy Groups in the SDSS DR4. II. Halo Occupation Statistics}",
  journal = {\apj},
archivePrefix = "arXiv",
   eprint = {0710.5096},
 keywords = {dark matter, galaxies: halos, large-scale structure of universe, methods: statistical},
     year = 2008,
    month = mar,
   volume = 676,
      eid = {248-261},
    pages = {248-261},
      doi = {10.1086/528954},
   adsurl = {http://adsabs.harvard.edu/abs/2008ApJ...676..248Y},
  adsnote = {Provided by the SAO/NASA Astrophysics Data System}
}

@ARTICLE{rodriguez2015,
   author = {{Rodriguez}, F. and {Merch{\'a}n}, M. and {Sgr{\'o}}, M.~A.},
    title = "{Taking advantage of photometric galaxy catalogues to determine the halo occupation distribution}",
  journal = {\aap},
archivePrefix = "arXiv",
   eprint = {1508.02346},
 keywords = {Galaxy: halo, galaxies: statistics, dark matter, large-scale structure of Universe},
     year = 2015,
    month = aug,
   volume = 580,
      eid = {A86},
    pages = {A86},
      doi = {10.1051/0004-6361/201525798},
   adsurl = {http://adsabs.harvard.edu/abs/2015A%26A...580A..86R},
  adsnote = {Provided by the SAO/NASA Astrophysics Data System}
}

@ARTICLE{davis2011a,
   author = {{Davis}, T.~A. and {Alatalo}, K. and {Sarzi}, M. and {Bureau}, M. and 
	{Young}, L.~M. and {Blitz}, L. and {Serra}, P. and {Crocker}, A.~F. and 
	{Krajnovi{\'c}}, D. and {McDermid}, R.~M. and {Bois}, M. and 
	{Bournaud}, F. and {Cappellari}, M. and {Davies}, R.~L. and 
	{Duc}, P.-A. and {de Zeeuw}, P.~T. and {Emsellem}, E. and {Khochfar}, S. and 
	{Kuntschner}, H. and {Lablanche}, P.-Y. and {Morganti}, R. and 
	{Naab}, T. and {Oosterloo}, T. and {Scott}, N. and {Weijmans}, A.-M.
	},
    title = "{The ATLAS$^{3D}$ project - X. On the origin of the molecular and ionized gas in early-type galaxies}",
  journal = {\mnras},
archivePrefix = "arXiv",
   eprint = {1107.0002},
 primaryClass = "astro-ph.CO",
 keywords = {stars: mass-loss, ISM: evolution, ISM: molecules, galaxies: elliptical and lenticular, cD, galaxies: evolution, galaxies: ISM},
     year = 2011,
    month = oct,
   volume = 417,
    pages = {882-899},
      doi = {10.1111/j.1365-2966.2011.19355.x},
   adsurl = {http://adsabs.harvard.edu/abs/2011MNRAS.417..882D},
  adsnote = {Provided by the SAO/NASA Astrophysics Data System}
}

@ARTICLE{blanton2005,
   author = {{Blanton}, M.~R. and {Schlegel}, D.~J. and {Strauss}, M.~A. and 
	{Brinkmann}, J. and {Finkbeiner}, D. and {Fukugita}, M. and 
	{Gunn}, J.~E. and {Hogg}, D.~W. and {Ivezi{\'c}}, {\v Z}. and 
	{Knapp}, G.~R. and {Lupton}, R.~H. and {Munn}, J.~A. and {Schneider}, D.~P. and 
	{Tegmark}, M. and {Zehavi}, I.},
    title = "{New York University Value-Added Galaxy Catalog: A Galaxy Catalog Based on New Public Surveys}",
  journal = {\aj},
   eprint = {astro-ph/0410166},
 keywords = {Galaxies: Distances and Redshifts, Galaxies: Photometry, Galaxies: Statistics},
     year = 2005,
    month = jun,
   volume = 129,
    pages = {2562-2578},
      doi = {10.1086/429803},
   adsurl = {http://adsabs.harvard.edu/abs/2005AJ....129.2562B},
  adsnote = {Provided by the SAO/NASA Astrophysics Data System}
}

@ARTICLE{jing2007,
   author = {{Jing}, Y.~P. and {Suto}, Y. and {Mo}, H.~J.},
    title = "{The Dependence of Dark Halo Clustering on Formation Epoch and Concentration Parameter}",
  journal = {\apj},
   eprint = {astro-ph/0610099},
 keywords = {Cosmology: Theory, Cosmology: Dark Matter, Galaxies: Formation, Cosmology: Gravitational Lensing},
     year = 2007,
    month = mar,
   volume = 657,
    pages = {664-668},
      doi = {10.1086/511130},
   adsurl = {http://adsabs.harvard.edu/abs/2007ApJ...657..664J},
  adsnote = {Provided by the SAO/NASA Astrophysics Data System}
}

@ARTICLE{greene2018,
   author = {{Greene}, J.~E. and {Leauthaud}, A. and {Emsellem}, E. and {Ge}, J. and 
	{Arag{\'o}n-Salamanca}, A. and {Greco}, J. and {Lin}, Y.-T. and 
	{Mao}, S. and {Masters}, K. and {Merrifield}, M. and {More}, S. and 
	{Okabe}, N. and {Schneider}, D.~P. and {Thomas}, D. and {Wake}, D.~A. and 
	{Pan}, K. and {Bizyaev}, D. and {Oravetz}, D. and {Simmons}, A. and 
	{Yan}, R. and {van den Bosch}, F.},
    title = "{SDSS-IV MaNGA: Uncovering the Angular Momentum Content of Central and Satellite Early-type Galaxies}",
  journal = {\apj},
archivePrefix = "arXiv",
   eprint = {1708.07845},
 keywords = {galaxies: elliptical and lenticular, cD, galaxies: halos, galaxies: kinematics and dynamics },
     year = 2018,
    month = jan,
   volume = 852,
      eid = {36},
    pages = {36},
      doi = {10.3847/1538-4357/aa9bde},
   adsurl = {http://ukads.nottingham.ac.uk/abs/2018ApJ...852...36G},
  adsnote = {Provided by the SAO/NASA Astrophysics Data System}
}

@ARTICLE{campbell2015,
       author = {{Campbell}, Duncan and {van den Bosch}, Frank C. and {Hearin}, Andrew and
         {Padmanabhan}, Nikhil and {Berlind}, Andreas and {Mo}, H.~J. and
         {Tinker}, Jeremy and {Yang}, Xiaohu},
        title = "{Assessing colour-dependent occupation statistics inferred from galaxy group catalogues}",
      journal = {\mnras},
     keywords = {methods: statistical, galaxies: clusters: general, galaxies: evolution, galaxies: haloes, galaxies: statistics, Astrophysics - Astrophysics of Galaxies, Astrophysics - Cosmology and Nongalactic Astrophysics},
         year = "2015",
        month = "Sep",
       volume = {452},
        pages = {444-469},
          doi = {10.1093/mnras/stv1091},
archivePrefix = {arXiv},
       eprint = {1505.04798},
 primaryClass = {astro-ph.GA},
       adsurl = {https://ui.adsabs.harvard.edu/\#abs/2015MNRAS.452..444C},
      adsnote = {Provided by the SAO/NASA Astrophysics Data System}
}

@ARTICLE{yang2009,
       author = {{Yang}, Xiaohu and {Mo}, H. J. and {van den Bosch}, Frank C.},
        title = "{Galaxy Groups in the SDSS DR4. III. The Luminosity and Stellar Mass Functions}",
      journal = {\apj},
     keywords = {dark matter, galaxies: halos, large-scale structure of universe, methods: statistical, Astrophysics},
         year = "2009",
        month = "Apr",
       volume = {695},
        pages = {900-916},
          doi = {10.1088/0004-637X/695/2/900},
archivePrefix = {arXiv},
       eprint = {0808.0539},
 primaryClass = {astro-ph},
       adsurl = {https://ui.adsabs.harvard.edu/\#abs/2009ApJ...695..900Y},
      adsnote = {Provided by the SAO/NASA Astrophysics Data System}
}

@ARTICLE{lagos2018,
   author = {{Lagos}, C.~d.~P. and {Schaye}, J. and {Bah{\'e}}, Y. and {Van de Sande}, J. and 
	{Kay}, S.~T. and {Barnes}, D. and {Davis}, T.~A. and {Dalla Vecchia}, C.
	},
    title = "{The connection between mass, environment and slow rotation in simulated galaxies}",
  journal = {\mnras},
archivePrefix = "arXiv",
   eprint = {1712.01398},
 keywords = {galaxies: formation, galaxies: evolution, galaxies: kinematics and dynamics, galaxies: structure},
     year = 2018,
    month = feb,
      doi = {10.1093/mnras/sty489},
   adsurl = {http://adsabs.harvard.edu/abs/2018MNRAS.tmp..476L},
  adsnote = {Provided by the SAO/NASA Astrophysics Data System}
}

@ARTICLE{lintott2008,
   author = {{Lintott}, C.~J. and {Schawinski}, K. and {Slosar}, A. and {Land}, K. and 
	{Bamford}, S. and {Thomas}, D. and {Raddick}, M.~J. and {Nichol}, R.~C. and 
	{Szalay}, A. and {Andreescu}, D. and {Murray}, P. and {Vandenberg}, J.
	},
    title = "{Galaxy Zoo: morphologies derived from visual inspection of galaxies from the Sloan Digital Sky Survey}",
  journal = {\mnras},
archivePrefix = "arXiv",
   eprint = {0804.4483},
 keywords = {methods: data analysis , galaxies: elliptical and lenticular, cD , galaxies: general , galaxies: spiral},
     year = 2008,
    month = sep,
   volume = 389,
    pages = {1179-1189},
      doi = {10.1111/j.1365-2966.2008.13689.x},
   adsurl = {http://ukads.nottingham.ac.uk/abs/2008MNRAS.389.1179L},
  adsnote = {Provided by the SAO/NASA Astrophysics Data System}
}

@ARTICLE{lagos2017,
   author = {{Lagos}, C.~d.~P. and {Theuns}, T. and {Stevens}, A.~R.~H. and 
	{Cortese}, L. and {Padilla}, N.~D. and {Davis}, T.~A. and {Contreras}, S. and 
	{Croton}, D.},
    title = "{Angular momentum evolution of galaxies in EAGLE}",
  journal = {\mnras},
archivePrefix = "arXiv",
   eprint = {1609.01739},
 keywords = {galaxies: evolution, galaxies: formation, galaxies: fundamental parameters, galaxies: structure},
     year = 2017,
    month = feb,
   volume = 464,
    pages = {3850-3870},
      doi = {10.1093/mnras/stw2610},
   adsurl = {http://ukads.nottingham.ac.uk/abs/2017MNRAS.464.3850L},
  adsnote = {Provided by the SAO/NASA Astrophysics Data System}
}

@ARTICLE{malavasi2017,
       author = {{Malavasi}, N. and {Arnouts}, S. and {Vibert}, D. and {de la Torre}, S.
        and {Moutard}, T. and {Pichon}, C. and {Davidzon}, I. and
        {Kraljic}, K. and {Bolzonella}, M. and {Guzzo}, L. and
        {Garilli}, B. and {Scodeggio}, M. and {Granett}, B.~R. and
        {Abbas}, U. and {Adami}, C. and {Bottini}, D. and {Cappi}, A.
        and {Cucciati}, O. and {Franzetti}, P. and {Fritz}, A. and
        {Iovino}, A. and {Krywult}, J. and {Le Brun}, V. and {Le
        F{\`e}vre}, O. and {Maccagni}, D. and {Ma{\l}ek}, K. and
        {Marulli}, F. and {Polletta}, M. and {Pollo}, A. and {Tasca}, L.
        and {Tojeiro}, R. and {Vergani}, D. and {Zanichelli}, A. and
        {Bel}, J. and {Branchini}, E. and {Coupon}, J. and {De Lucia},
        G. and {Dubois}, Y. and {Hawken}, A. and {Ilbert}, O. and
        {Laigle}, C. and {Moscardini}, L. and {Sousbie}, T. and
        {Treyer}, M. and {Zamorani}, G.},
        title = "{The VIMOS Public Extragalactic Redshift Survey (VIPERS): galaxy
        segregation inside filaments at z ≃ 0.7}",
      journal = {\mnras},
     keywords = {galaxies: evolution, galaxies: high-redshift, galaxies: statistics,
        cosmology: observations, large-scale structure of Universe,
        Astrophysics - Astrophysics of Galaxies, Astrophysics -
        Cosmology and Nongalactic Astrophysics},
         year = 2017,
        month = Mar,
       volume = {465},
        pages = {3817-3822},
          doi = {10.1093/mnras/stw2864},
       adsurl = {https://ui.adsabs.harvard.edu/#abs/2017MNRAS.465.3817M},
      adsnote = {Provided by the SAO/NASA Astrophysics Data System}
}

@ARTICLE{schaap2000,
       author = {{Schaap}, W.~E. and {van de Weygaert}, R.},
        title = "{Continuous fields and discrete samples: reconstruction through Delaunay
        tessellations}",
      journal = {\aap},
     keywords = {METHODS: N-BODY SIMULATIONS, METHODS: NUMERICAL, METHODS: STATISTICAL,
        COSMOLOGY: LARGE-SCALE STRUCTURE OF UNIVERSE, Astrophysics},
         year = 2000,
        month = Nov,
       volume = {363},
        pages = {L29-L32},
       adsurl = {https://ui.adsabs.harvard.edu/#abs/2000A&A...363L..29S},
      adsnote = {Provided by the SAO/NASA Astrophysics Data System}
}

@MISC{cautun2011,
       author = {{Cautun}, Marius C. and {van de Weygaert}, Rien},
        title = "{The DTFE public software: The Delaunay Tessellation Field Estimator code}",
     keywords = {Software, Astrophysics - Instrumentation and Methods for Astrophysics,
        Astrophysics - Cosmology and Nongalactic Astrophysics},
 howpublished = {Astrophysics Source Code Library},
         year = 2011,
        month = May,
archivePrefix = {ascl},
       eprint = {1105.003},
       adsurl = {https://ui.adsabs.harvard.edu/#abs/2011ascl.soft05003C},
      adsnote = {Provided by the SAO/NASA Astrophysics Data System}
}

@ARTICLE{gao2005,
   author = {{Gao}, L. and {Springel}, V. and {White}, S.~D.~M.},
    title = "{The age dependence of halo clustering}",
  journal = {\mnras},
   eprint = {astro-ph/0506510},
 keywords = {methods: N-body simulations, methods: numerical, galaxies: clusters: general, galaxies: haloes, dark matter},
     year = 2005,
    month = oct,
   volume = 363,
    pages = {L66-L70},
      doi = {10.1111/j.1745-3933.2005.00084.x},
   adsurl = {http://adsabs.harvard.edu/abs/2005MNRAS.363L..66G},
  adsnote = {Provided by the SAO/NASA Astrophysics Data System}
}

@ARTICLE{wechsler2006,
       author = {{Wechsler}, Risa H. and {Zentner}, Andrew R. and {Bullock}, James S. and
        {Kravtsov}, Andrey V. and {Allgood}, Brandon},
        title = "{The Dependence of Halo Clustering on Halo Formation History,
        Concentration, and Occupation}",
      journal = {\apj},
     keywords = {Cosmology: Theory, Cosmology: Dark Matter, Galaxies: Formation,
        Galaxies: Halos, Cosmology: Large-Scale Structure of Universe,
        Methods: Numerical, Astrophysics},
         year = 2006,
        month = Nov,
       volume = {652},
        pages = {71-84},
          doi = {10.1086/507120},
       adsurl = {https://ui.adsabs.harvard.edu/#abs/2006ApJ...652...71W},
      adsnote = {Provided by the SAO/NASA Astrophysics Data System}
}

@ARTICLE{croton2007,
       author = {{Croton}, Darren J. and {Gao}, Liang and {White}, Simon D.~M.},
        title = "{Halo assembly bias and its effects on galaxy clustering}",
      journal = {\mnras},
     keywords = {galaxies: evolution, galaxies: statistics, cosmology: theory., large-
        scale structure of Universe, Astrophysics},
         year = 2007,
        month = Feb,
       volume = {374},
        pages = {1303-1309},
          doi = {10.1111/j.1365-2966.2006.11230.x},
       adsurl = {https://ui.adsabs.harvard.edu/#abs/2007MNRAS.374.1303C},
      adsnote = {Provided by the SAO/NASA Astrophysics Data System}
}

@ARTICLE{padilla2014,
       author = {{Padilla}, Nelson D. and {Salazar-Albornoz}, Salvador and {Contreras},
        Sergio and {Cora}, Sof{\'\i}a A. and {Ruiz}, Andr{\'e}s N.},
        title = "{Stochastic angular momentum slews and flips and their effect on discs in
        galaxy formation models}",
      journal = {\mnras},
     keywords = {galaxies: evolution, galaxies: fundamental parameters, galaxies:
        general, galaxies: structure, Astrophysics - Astrophysics of
        Galaxies, Astrophysics - Cosmology and Nongalactic Astrophysics},
         year = 2014,
        month = Sep,
       volume = {443},
        pages = {2801-2814},
          doi = {10.1093/mnras/stu1321},
       adsurl = {https://ui.adsabs.harvard.edu/#abs/2014MNRAS.443.2801P},
      adsnote = {Provided by the SAO/NASA Astrophysics Data System}
}

@ARTICLE{correa2018,
       author = {{Correa}, Camila A. and {Schaye}, Joop and {van de Voort}, Freeke and
        {Duffy}, Alan R. and {Wyithe}, J. Stuart B.},
        title = "{The impact of feedback and the hot halo on the rates of gas accretion
        onto galaxies}",
      journal = {\mnras},
     keywords = {cosmology: theory, galaxies: formation, evolution, Astrophysics -
        Astrophysics of Galaxies},
         year = 2018,
        month = Apr,
        pages = {846},
          doi = {10.1093/mnras/sty871},
       adsurl = {https://ui.adsabs.harvard.edu/#abs/2018MNRAS.tmp..846C},
      adsnote = {Provided by the SAO/NASA Astrophysics Data System}
}


@article{nelson2013,
author = {Nelson, Dylan and Vogelsberger, Mark and Genel, Shy and Sijacki, Debora and Kereš, Dušan and Springel, Volker and Hernquist, Lars},
title = {Moving mesh cosmology: tracing cosmological gas accretion},
journal = {\mnras},
volume = {429},
number = {4},
pages = {3353-3370},
year = {2013},
doi = {10.1093/mnras/sts595},
URL = {http://dx.doi.org/10.1093/mnras/sts595},
eprint = {/oup/backfile/content_public/journal/mnras/429/4/10.1093/mnras/sts595/2/sts595.pdf}
}

@ARTICLE{bond1991,
   author = {{Bond}, J.~R. and {Cole}, S. and {Efstathiou}, G. and {Kaiser}, N.
	},
    title = "{Excursion set mass functions for hierarchical Gaussian fluctuations}",
  journal = {\apj},
 keywords = {Computational Astrophysics, Gauss Equation, Dark Matter, Density Distribution, Many Body Problem, Mass Distribution, Monte Carlo Method},
     year = 1991,
    month = oct,
   volume = 379,
    pages = {440-460},
      doi = {10.1086/170520},
   adsurl = {http://adsabs.harvard.edu/abs/1991ApJ...379..440B},
  adsnote = {Provided by the SAO/NASA Astrophysics Data System}
}

@ARTICLE{press1974,
   author = {{Press}, W.~H. and {Schechter}, P.},
    title = "{Formation of Galaxies and Clusters of Galaxies by Self-Similar Gravitational Condensation}",
  journal = {\apj},
     year = 1974,
    month = feb,
   volume = 187,
    pages = {425-438},
      doi = {10.1086/152650},
   adsurl = {http://adsabs.harvard.edu/abs/1974ApJ...187..425P},
  adsnote = {Provided by the SAO/NASA Astrophysics Data System}
}


@ARTICLE{mo1996,
   author = {{Mo}, H.~J. and {White}, S.~D.~M.},
    title = "{An analytic model for the spatial clustering of dark matter haloes}",
  journal = {\mnras},
   eprint = {astro-ph/9512127},
 keywords = {METHODS: ANALYTICAL, GALAXIES: CLUSTERS: GENERAL, GALAXIES: FORMATION, COSMOLOGY: THEORY, DARK MATTER},
     year = 1996,
    month = sep,
   volume = 282,
    pages = {347-361},
      doi = {10.1093/mnras/282.2.347},
   adsurl = {http://adsabs.harvard.edu/abs/1996MNRAS.282..347M},
  adsnote = {Provided by the SAO/NASA Astrophysics Data System}
}

@ARTICLE{sheth1999,
       author = {{Sheth}, Ravi K. and {Tormen}, Giuseppe},
        title = "{Large-scale bias and the peak background split}",
      journal = {\mnras},
     keywords = {Astrophysics},
         year = 1999,
        month = Sep,
       volume = {308},
        pages = {119-126},
          doi = {10.1046/j.1365-8711.1999.02692.x},
       adsurl = {https://ui.adsabs.harvard.edu/#abs/1999MNRAS.308..119S},
      adsnote = {Provided by the SAO/NASA Astrophysics Data System}
}

@ARTICLE{peacock2000,
   author = {{Peacock}, J.~A. and {Smith}, R.~E.},
    title = "{Halo occupation numbers and galaxy bias}",
  journal = {\mnras},
   eprint = {astro-ph/0005010},
 keywords = {GALAXIES: CLUSTERS: GENERAL, COSMOLOGY: THEORY, LARGE-SCALE STRUCTURE OF UNIVERSE},
     year = 2000,
    month = nov,
   volume = 318,
    pages = {1144-1156},
      doi = {10.1046/j.1365-8711.2000.03779.x},
   adsurl = {http://adsabs.harvard.edu/abs/2000MNRAS.318.1144P},
  adsnote = {Provided by the SAO/NASA Astrophysics Data System}
}

@ARTICLE{jing1998,
   author = {{Jing}, Y.~P. and {Mo}, H.~J. and {B{\"o}rner}, G.},
    title = "{Spatial Correlation Function and Pairwise Velocity Dispersion of Galaxies: Cold Dark Matter Models versus the Las Campanas Survey}",
  journal = {\apj},
   eprint = {astro-ph/9707106},
 keywords = {COSMOLOGY: THEORY, GALAXIES: DISTANCES AND REDSHIFTS, COSMOLOGY: LARGE-SCALE STRUCTURE OF UNIVERSE, METHODS: NUMERICAL, Cosmology: Theory, Galaxies: Distances and Redshifts, Cosmology: Large-Scale Structure of Universe, Methods: Numerical},
     year = 1998,
    month = feb,
   volume = 494,
    pages = {1-12},
      doi = {10.1086/305209},
   adsurl = {http://adsabs.harvard.edu/abs/1998ApJ...494....1J},
  adsnote = {Provided by the SAO/NASA Astrophysics Data System}
}


@ARTICLE{kravtsov2004,
   author = {{Kravtsov}, A.~V. and {Berlind}, A.~A. and {Wechsler}, R.~H. and 
	{Klypin}, A.~A. and {Gottl{\"o}ber}, S. and {Allgood}, B. and 
	{Primack}, J.~R.},
    title = "{The Dark Side of the Halo Occupation Distribution}",
  journal = {\apj},
   eprint = {astro-ph/0308519},
 keywords = {Cosmology: Theory, Galaxies: Formation, Galaxies: Halos, Cosmology: Large-Scale Structure of Universe, Methods: Numerical},
     year = 2004,
    month = jul,
   volume = 609,
    pages = {35-49},
      doi = {10.1086/420959},
   adsurl = {http://adsabs.harvard.edu/abs/2004ApJ...609...35K},
  adsnote = {Provided by the SAO/NASA Astrophysics Data System}
}


@ARTICLE{conroy2006,
   author = {{Conroy}, C. and {Wechsler}, R.~H. and {Kravtsov}, A.~V.},
    title = "{Modeling Luminosity-dependent Galaxy Clustering through Cosmic Time}",
  journal = {\apj},
   eprint = {astro-ph/0512234},
 keywords = {Cosmology: Theory, Cosmology: Dark Matter, Galaxies: Clusters: General, Galaxies: Evolution, Galaxies: Halos, Cosmology: Large-Scale Structure of Universe},
     year = 2006,
    month = aug,
   volume = 647,
    pages = {201-214},
      doi = {10.1086/503602},
   adsurl = {http://adsabs.harvard.edu/abs/2006ApJ...647..201C},
  adsnote = {Provided by the SAO/NASA Astrophysics Data System}
}

@ARTICLE{lehmann2017,
   author = {{Lehmann}, B.~V. and {Mao}, Y.-Y. and {Becker}, M.~R. and {Skillman}, S.~W. and 
	{Wechsler}, R.~H.},
    title = "{The Concentration Dependence of the Galaxy-Halo Connection: Modeling Assembly Bias with Abundance Matching}",
  journal = {\apj},
archivePrefix = "arXiv",
   eprint = {1510.05651},
 keywords = {dark matter, galaxies: halos, methods: analytical, methods: numerical},
     year = 2017,
    month = jan,
   volume = 834,
      eid = {37},
    pages = {37},
      doi = {10.3847/1538-4357/834/1/37},
   adsurl = {http://adsabs.harvard.edu/abs/2017ApJ...834...37L},
  adsnote = {Provided by the SAO/NASA Astrophysics Data System}
}

@ARTICLE{lacerna2012,
   author = {{Lacerna}, I. and {Padilla}, N.},
    title = "{The nature of assembly bias - II. Halo spin}",
  journal = {\mnras},
archivePrefix = "arXiv",
   eprint = {1207.4476},
 primaryClass = "astro-ph.CO",
 keywords = {cosmology: theory, dark matter, large-scale structure of Universe},
     year = 2012,
    month = oct,
   volume = 426,
    pages = {L26-L30},
      doi = {10.1111/j.1745-3933.2012.01316.x},
   adsurl = {http://adsabs.harvard.edu/abs/2012MNRAS.426L..26L},
  adsnote = {Provided by the SAO/NASA Astrophysics Data System}
}

@ARTICLE{eardley2015,
       author = {{Eardley}, E. and {Peacock}, J.~A. and {McNaught-Roberts}, T. and
        {Heymans}, C. and {Norberg}, P. and {Alpaslan}, M. and {Baldry},
        I. and {Bland-Hawthorn}, J. and {Brough}, S. and {Cluver}, M.~E.
        and {Driver}, S.~P. and {Farrow}, D.~J. and {Liske}, J. and
        {Loveday}, J. and {Robotham}, A.~S.~G.},
        title = "{Galaxy And Mass Assembly (GAMA): the galaxy luminosity function within
        the cosmic web}",
      journal = {\mnras},
     keywords = {surveys, galaxies: luminosity function, mass function, cosmology:
        observations, large-scale structure of Universe, Astrophysics -
        Cosmology and Nongalactic Astrophysics, Astrophysics -
        Astrophysics of Galaxies},
         year = 2015,
        month = Apr,
       volume = {448},
        pages = {3665-3678},
          doi = {10.1093/mnras/stv237},
       adsurl = {https://ui.adsabs.harvard.edu/#abs/2015MNRAS.448.3665E},
      adsnote = {Provided by the SAO/NASA Astrophysics Data System}
}

@ARTICLE{brouwer2016,
   author = {{Brouwer}, M.~M. and {Cacciato}, M. and {Dvornik}, A. and {Eardley}, L. and 
	{Heymans}, C. and {Hoekstra}, H. and {Kuijken}, K. and {McNaught-Roberts}, T. and 
	{Sif{\'o}n}, C. and {Viola}, M. and {Alpaslan}, M. and {Bilicki}, M. and 
	{Bland-Hawthorn}, J. and {Brough}, S. and {Choi}, A. and {Driver}, S.~P. and 
	{Erben}, T. and {Grado}, A. and {Hildebrandt}, H. and {Holwerda}, B.~W. and 
	{Hopkins}, A.~M. and {de Jong}, J.~T.~A. and {Liske}, J. and 
	{McFarland}, J. and {Nakajima}, R. and {Napolitano}, N.~R. and 
	{Norberg}, P. and {Peacock}, J.~A. and {Radovich}, M. and {Robotham}, A.~S.~G. and 
	{Schneider}, P. and {Sikkema}, G. and {van Uitert}, E. and {Verdoes Kleijn}, G. and 
	{Valentijn}, E.~A.},
    title = "{Dependence of GAMA galaxy halo masses on the cosmic web environment from 100 deg$^{2}$ of KiDS weak lensing data}",
  journal = {\mnras},
archivePrefix = "arXiv",
   eprint = {1604.07233},
 keywords = {gravitational lensing: weak, methods: statistical, surveys, galaxies: haloes, dark matter, large-scale structure of Universe},
     year = 2016,
    month = nov,
   volume = 462,
    pages = {4451-4463},
      doi = {10.1093/mnras/stw1602},
   adsurl = {http://adsabs.harvard.edu/abs/2016MNRAS.462.4451B},
  adsnote = {Provided by the SAO/NASA Astrophysics Data System}
}

@ARTICLE{chen2016,
       author = {{Chen}, Yan-Mei and {Shi}, Yong and {Tremonti}, Christy A. and
        {Bershady}, Matt and {Merrifield}, Michael and {Emsellem}, Eric
        and {Jin}, Yi-Fei and {Huang}, Song and {Fu}, Hai and {Wake},
        David A. and {Bundy}, Kevin and {Stark}, David and {Lin}, Lihwai
        and {Argudo-Fernandez}, Maria and {Bergmann}, Thaisa Storchi and
        {Bizyaev}, Dmitry and {Brownstein}, Joel and {Bureau}, Martin
        and {Chisholm}, John and {Drory}, Niv and {Guo}, Qi and {Hao},
        Lei and {Hu}, Jian and {Li}, Cheng and {Li}, Ran and {Roman
        Lopes}, Alexandre and {Pan}, Kai-Ke and {Riffel}, Rogemar A. and
        {Thomas}, Daniel and {Wang}, Lan and {Westfall}, Kyle and {Yan},
        Ren-Bin},
        title = "{The growth of the central region by acquisition of counterrotating gas
        in star-forming galaxies}",
      journal = {Nature Communications},
     keywords = {Astrophysics - Astrophysics of Galaxies},
         year = 2016,
        month = Oct,
       volume = {7},
          doi = {10.1038/ncomms13269},
       adsurl = {https://ui.adsabs.harvard.edu/#abs/2016NatCo...713269C},
      adsnote = {Provided by the SAO/NASA Astrophysics Data System}
}

@ARTICLE{cappellari2003,
   author = {{Cappellari}, M. and {Copin}, Y.},
    title = "{Adaptive spatial binning of integral-field spectroscopic data using Voronoi tessellations}",
  journal = {\mnras},
   eprint = {astro-ph/0302262},
 keywords = {methods: data analysis, techniques: photometric, techniques: spectroscopic},
     year = 2003,
    month = jun,
   volume = 342,
    pages = {345-354},
      doi = {10.1046/j.1365-8711.2003.06541.x},
   adsurl = {http://adsabs.harvard.edu/abs/2003MNRAS.342..345C},
  adsnote = {Provided by the SAO/NASA Astrophysics Data System}
}

@ARTICLE{smee2013,
   author = {{Smee}, S.~A. and {Gunn}, J.~E. and {Uomoto}, A. and {Roe}, N. and 
	{Schlegel}, D. and {Rockosi}, C.~M. and {Carr}, M.~A. and {Leger}, F. and 
	{Dawson}, K.~S. and {Olmstead}, M.~D. and {Brinkmann}, J. and 
	{Owen}, R. and {Barkhouser}, R.~H. and {Honscheid}, K. and {Harding}, P. and 
	{Long}, D. and {Lupton}, R.~H. and {Loomis}, C. and {Anderson}, L. and 
	{Annis}, J. and {Bernardi}, M. and {Bhardwaj}, V. and {Bizyaev}, D. and 
	{Bolton}, A.~S. and {Brewington}, H. and {Briggs}, J.~W. and 
	{Burles}, S. and {Burns}, J.~G. and {Castander}, F.~J. and {Connolly}, A. and 
	{Davenport}, J.~R.~A. and {Ebelke}, G. and {Epps}, H. and {Feldman}, P.~D. and 
	{Friedman}, S.~D. and {Frieman}, J. and {Heckman}, T. and {Hull}, C.~L. and 
	{Knapp}, G.~R. and {Lawrence}, D.~M. and {Loveday}, J. and {Mannery}, E.~J. and 
	{Malanushenko}, E. and {Malanushenko}, V. and {Merrelli}, A.~J. and 
	{Muna}, D. and {Newman}, P.~R. and {Nichol}, R.~C. and {Oravetz}, D. and 
	{Pan}, K. and {Pope}, A.~C. and {Ricketts}, P.~G. and {Shelden}, A. and 
	{Sandford}, D. and {Siegmund}, W. and {Simmons}, A. and {Smith}, D.~S. and 
	{Snedden}, S. and {Schneider}, D.~P. and {SubbaRao}, M. and 
	{Tremonti}, C. and {Waddell}, P. and {York}, D.~G.},
    title = "{The Multi-object, Fiber-fed Spectrographs for the Sloan Digital Sky Survey and the Baryon Oscillation Spectroscopic Survey}",
  journal = {\aj},
archivePrefix = "arXiv",
   eprint = {1208.2233},
 primaryClass = "astro-ph.IM",
 keywords = {cosmology: observations, instrumentation: spectrographs, surveys },
     year = 2013,
    month = aug,
   volume = 146,
      eid = {32},
    pages = {32},
      doi = {10.1088/0004-6256/146/2/32},
   adsurl = {http://adsabs.harvard.edu/abs/2013AJ....146...32S},
  adsnote = {Provided by the SAO/NASA Astrophysics Data System}
}

@ARTICLE{wake2017,
   author = {{Wake}, D.~A. and {Bundy}, K. and {Diamond-Stanic}, A.~M. and 
	{Yan}, R. and {Blanton}, M.~R. and {Bershady}, M.~A. and {S{\'a}nchez-Gallego}, J.~R. and 
	{Drory}, N. and {Jones}, A. and {Kauffmann}, G. and {Law}, D.~R. and 
	{Li}, C. and {MacDonald}, N. and {Masters}, K. and {Thomas}, D. and 
	{Tinker}, J. and {Weijmans}, A.-M. and {Brownstein}, J.~R.},
    title = "{The SDSS-IV MaNGA Sample: Design, Optimization, and Usage Considerations}",
  journal = {\aj},
archivePrefix = "arXiv",
   eprint = {1707.02989},
 keywords = {galaxies: evolution, galaxies: general, galaxies: statistics, surveys},
     year = 2017,
    month = sep,
   volume = 154,
      eid = {86},
    pages = {86},
      doi = {10.3847/1538-3881/aa7ecc},
   adsurl = {http://adsabs.harvard.edu/abs/2017AJ....154...86W},
  adsnote = {Provided by the SAO/NASA Astrophysics Data System}
}

@ARTICLE{matthee2017,
   author = {{Matthee}, J. and {Schaye}, J. and {Crain}, R.~A. and {Schaller}, M. and 
	{Bower}, R. and {Theuns}, T.},
    title = "{The origin of scatter in the stellar mass-halo mass relation of central galaxies in the EAGLE simulation}",
  journal = {\mnras},
archivePrefix = "arXiv",
   eprint = {1608.08218},
 keywords = {galaxies: evolution, galaxies: formation, galaxies: haloes, cosmology: theory},
     year = 2017,
    month = feb,
   volume = 465,
    pages = {2381-2396},
      doi = {10.1093/mnras/stw2884},
   adsurl = {http://adsabs.harvard.edu/abs/2017MNRAS.465.2381M},
  adsnote = {Provided by the SAO/NASA Astrophysics Data System}
}

@ARTICLE{hernquist1990,
   author = {{Hernquist}, L.},
    title = "{An analytical model for spherical galaxies and bulges}",
  journal = {\apj},
 keywords = {Computational Astrophysics, Elliptical Galaxies, Galactic Bulge, Galactic Structure, Astronomical Models, Astronomical Photometry, Brightness Distribution, Distribution Functions},
     year = 1990,
    month = jun,
   volume = 356,
    pages = {359-364},
      doi = {10.1086/168845},
   adsurl = {http://adsabs.harvard.edu/abs/1990ApJ...356..359H},
  adsnote = {Provided by the SAO/NASA Astrophysics Data System}
}

@ARTICLE{tempel2014,
   author = {{Tempel}, E. and {Tamm}, A. and {Gramann}, M. and {Tuvikene}, T. and 
	{Liivam{\"a}gi}, L.~J. and {Suhhonenko}, I. and {Kipper}, R. and 
	{Einasto}, M. and {Saar}, E.},
    title = "{Flux- and volume-limited groups/clusters for the SDSS galaxies: catalogues and mass estimation}",
  journal = {\aap},
archivePrefix = "arXiv",
   eprint = {1402.1350},
 keywords = {galaxies: clusters: general, galaxies: groups: general, galaxies: statistics, large-scale structure of Universe, cosmology: observations, catalogs},
     year = 2014,
    month = jun,
   volume = 566,
      eid = {A1},
    pages = {A1},
      doi = {10.1051/0004-6361/201423585},
   adsurl = {http://adsabs.harvard.edu/abs/2014A%26A...566A...1T},
  adsnote = {Provided by the SAO/NASA Astrophysics Data System}
}

@ARTICLE{croom2012,
   author = {{Croom}, S.~M. and {Lawrence}, J.~S. and {Bland-Hawthorn}, J. and 
	{Bryant}, J.~J. and {Fogarty}, L. and {Richards}, S. and {Goodwin}, M. and 
	{Farrell}, T. and {Miziarski}, S. and {Heald}, R. and {Jones}, D.~H. and 
	{Lee}, S. and {Colless}, M. and {Brough}, S. and {Hopkins}, A.~M. and 
	{Bauer}, A.~E. and {Birchall}, M.~N. and {Ellis}, S. and {Horton}, A. and 
	{Leon-Saval}, S. and {Lewis}, G. and {L{\'o}pez-S{\'a}nchez}, {\'A}.~R. and 
	{Min}, S.-S. and {Trinh}, C. and {Trowland}, H.},
    title = "{The Sydney-AAO Multi-object Integral field spectrograph}",
  journal = {\mnras},
archivePrefix = "arXiv",
   eprint = {1112.3367},
 keywords = {instrumentation: spectrographs, techniques: imaging spectroscopy, surveys, galaxies: general, galaxies: kinematics and dynamics},
     year = 2012,
    month = mar,
   volume = 421,
    pages = {872-893},
      doi = {10.1111/j.1365-2966.2011.20365.x},
   adsurl = {http://adsabs.harvard.edu/abs/2012MNRAS.421..872C},
  adsnote = {Provided by the SAO/NASA Astrophysics Data System}
}

@ARTICLE{bryant2015,
   author = {{Bryant}, J.~J. and {Owers}, M.~S. and {Robotham}, A.~S.~G. and 
	{Croom}, S.~M. and {Driver}, S.~P. and {Drinkwater}, M.~J. and 
	{Lorente}, N.~P.~F. and {Cortese}, L. and {Scott}, N. and {Colless}, M. and 
	{Schaefer}, A. and {Taylor}, E.~N. and {Konstantopoulos}, I.~S. and 
	{Allen}, J.~T. and {Baldry}, I. and {Barnes}, L. and {Bauer}, A.~E. and 
	{Bland-Hawthorn}, J. and {Bloom}, J.~V. and {Brooks}, A.~M. and 
	{Brough}, S. and {Cecil}, G. and {Couch}, W. and {Croton}, D. and 
	{Davies}, R. and {Ellis}, S. and {Fogarty}, L.~M.~R. and {Foster}, C. and 
	{Glazebrook}, K. and {Goodwin}, M. and {Green}, A. and {Gunawardhana}, M.~L. and 
	{Hampton}, E. and {Ho}, I.-T. and {Hopkins}, A.~M. and {Kewley}, L. and 
	{Lawrence}, J.~S. and {Leon-Saval}, S.~G. and {Leslie}, S. and 
	{McElroy}, R. and {Lewis}, G. and {Liske}, J. and {L{\'o}pez-S{\'a}nchez}, {\'A}.~R. and 
	{Mahajan}, S. and {Medling}, A.~M. and {Metcalfe}, N. and {Meyer}, M. and 
	{Mould}, J. and {Obreschkow}, D. and {O'Toole}, S. and {Pracy}, M. and 
	{Richards}, S.~N. and {Shanks}, T. and {Sharp}, R. and {Sweet}, S.~M. and 
	{Thomas}, A.~D. and {Tonini}, C. and {Walcher}, C.~J.},
    title = "{The SAMI Galaxy Survey: instrument specification and target selection}",
  journal = {\mnras},
archivePrefix = "arXiv",
   eprint = {1407.7335},
 keywords = {instrumentation: miscellaneous, instrumentation: spectrographs, techniques: imaging spectroscopy, surveys, galaxies: evolution, galaxies: kinematics and dynamics},
     year = 2015,
    month = mar,
   volume = 447,
    pages = {2857-2879},
      doi = {10.1093/mnras/stu2635},
   adsurl = {http://adsabs.harvard.edu/abs/2015MNRAS.447.2857B},
  adsnote = {Provided by the SAO/NASA Astrophysics Data System}
}

@ARTICLE{musso2018,
   author = {{Musso}, M. and {Cadiou}, C. and {Pichon}, C. and {Codis}, S. and 
	{Kraljic}, K. and {Dubois}, Y.},
    title = "{How does the cosmic web impact assembly bias?}",
  journal = {\mnras},
archivePrefix = "arXiv",
   eprint = {1709.00834},
 keywords = {galaxies: evolution, galaxies: formation, galaxies: kinematics and dynamics, large-scale structure of Universe, cosmology: theory},
     year = 2018,
    month = jun,
   volume = 476,
    pages = {4877-4906},
      doi = {10.1093/mnras/sty191},
   adsurl = {http://adsabs.harvard.edu/abs/2018MNRAS.476.4877M},
  adsnote = {Provided by the SAO/NASA Astrophysics Data System}
}
@ARTICLE{blanton2017,
   author = {{Blanton}, M.~R. and {Bershady}, M.~A. and {Abolfathi}, B. and 
	{Albareti}, F.~D. and {Allende Prieto}, C. and {Almeida}, A. and 
	{Alonso-Garc{\'{\i}}a}, J. and {Anders}, F. and {Anderson}, S.~F. and 
	{Andrews}, B. and et al.},
    title = "{Sloan Digital Sky Survey IV: Mapping the Milky Way, Nearby Galaxies, and the Distant Universe}",
  journal = {\aj},
archivePrefix = "arXiv",
   eprint = {1703.00052},
 keywords = {cosmology: observations, galaxies: general, Galaxy: general, instrumentation: spectrographs, stars: general, surveys},
     year = 2017,
    month = jul,
   volume = 154,
      eid = {28},
    pages = {28},
      doi = {10.3847/1538-3881/aa7567},
   adsurl = {http://adsabs.harvard.edu/abs/2017AJ....154...28B},
  adsnote = {Provided by the SAO/NASA Astrophysics Data System}
}

@ARTICLE{wang2007,
   author = {{Wang}, H.~Y. and {Mo}, H.~J. and {Jing}, Y.~P.},
    title = "{Environmental dependence of cold dark matter halo formation}",
  journal = {\mnras},
   eprint = {astro-ph/0608690},
 keywords = {methods: statistical , galaxies: haloes , dark matter , large-scale structure of Universe},
     year = 2007,
    month = feb,
   volume = 375,
    pages = {633-639},
      doi = {10.1111/j.1365-2966.2006.11316.x},
   adsurl = {http://adsabs.harvard.edu/abs/2007MNRAS.375..633W},
  adsnote = {Provided by the SAO/NASA Astrophysics Data System}
}

@article{lacerna2011,
author = {Lacerna, Ivan and Padilla, Nelson},
title = {The nature of assembly bias – I. Clues from a ΛCDM cosmology},
journal = {\mnras},
volume = {412},
number = {2},
pages = {1283-1294},
year = {2011},
doi = {10.1111/j.1365-2966.2010.17988.x},
URL = {http://dx.doi.org/10.1111/j.1365-2966.2010.17988.x},
eprint = {/oup/backfile/content_public/journal/mnras/412/2/10.1111/j.1365-2966.2010.17988.x/3/mnras0412-1283.pdf}
}

@ARTICLE{dalal2008,
       author = {{Dalal}, Neal and {White}, Martin and {Bond}, J. Richard and {Shirokov},
        Alexander},
        title = "{Halo Assembly Bias in Hierarchical Structure Formation}",
      journal = {\apj},
     keywords = {cosmology: theory, dark matter, large-scale structure of universe,
        methods: numerical, Astrophysics},
         year = 2008,
        month = Nov,
       volume = {687},
        pages = {12-21},
          doi = {10.1086/591512},
       adsurl = {https://ui.adsabs.harvard.edu/#abs/2008ApJ...687...12D},
      adsnote = {Provided by the SAO/NASA Astrophysics Data System}
}

@ARTICLE{cappellari2004,
   author = {{Cappellari}, M. and {Emsellem}, E.},
    title = "{Parametric Recovery of Line-of-Sight Velocity Distributions from Absorption-Line Spectra of Galaxies via Penalized Likelihood}",
  journal = {\pasp},
   eprint = {astro-ph/0312201},
 keywords = {Galaxies: Individual: NGC Number: NGC 3384, Galaxies: Kinematics and Dynamics, line: profiles, Methods: Numerical},
     year = 2004,
    month = feb,
   volume = 116,
    pages = {138-147},
      doi = {10.1086/381875},
   adsurl = {http://adsabs.harvard.edu/abs/2004PASP..116..138C},
  adsnote = {Provided by the SAO/NASA Astrophysics Data System}
}

@ARTICLE{cappellari2017,
   author = {{Cappellari}, M.},
    title = "{Improving the full spectrum fitting method: accurate convolution with Gauss-Hermite functions}",
  journal = {\mnras},
archivePrefix = "arXiv",
   eprint = {1607.08538},
 keywords = {techniques: radial velocities, techniques: spectroscopic, galaxies: kinematics and dynamics},
     year = 2017,
    month = apr,
   volume = 466,
    pages = {798-811},
      doi = {10.1093/mnras/stw3020},
   adsurl = {http://adsabs.harvard.edu/abs/2017MNRAS.466..798C},
  adsnote = {Provided by the SAO/NASA Astrophysics Data System}
}

@ARTICLE{sanchez2006,
   author = {{S{\'a}nchez-Bl{\'a}zquez}, P. and {Peletier}, R.~F. and {Jim{\'e}nez-Vicente}, J. and 
	{Cardiel}, N. and {Cenarro}, A.~J. and {Falc{\'o}n-Barroso}, J. and 
	{Gorgas}, J. and {Selam}, S. and {Vazdekis}, A.},
    title = "{Medium-resolution Isaac Newton Telescope library of empirical spectra}",
  journal = {\mnras},
   eprint = {astro-ph/0607009},
 keywords = {atlases: stars: fundamental parameters: galaxies: stellar content, atlases, stars: fundamental parameters, galaxies: stellar content},
     year = 2006,
    month = sep,
   volume = 371,
    pages = {703-718},
      doi = {10.1111/j.1365-2966.2006.10699.x},
   adsurl = {http://adsabs.harvard.edu/abs/2006MNRAS.371..703S},
  adsnote = {Provided by the SAO/NASA Astrophysics Data System}
}

@ARTICLE{falcon2011,
   author = {{Falc{\'o}n-Barroso}, J. and {S{\'a}nchez-Bl{\'a}zquez}, P. and 
	{Vazdekis}, A. and {Ricciardelli}, E. and {Cardiel}, N. and 
	{Cenarro}, A.~J. and {Gorgas}, J. and {Peletier}, R.~F.},
    title = "{An updated MILES stellar library and stellar population models}",
  journal = {\aap},
archivePrefix = "arXiv",
   eprint = {1107.2303},
 keywords = {catalogs, methods: data analysis, techniques: spectroscopic, stars: kinematics and dynamics, galaxies: kinematics and dynamics},
     year = 2011,
    month = aug,
   volume = 532,
      eid = {A95},
    pages = {A95},
      doi = {10.1051/0004-6361/201116842},
   adsurl = {http://adsabs.harvard.edu/abs/2011A%26A...532A..95F},
  adsnote = {Provided by the SAO/NASA Astrophysics Data System}
}


@ARTICLE{sarzi2006,
   author = {{Sarzi}, M. and {Falc{\'o}n-Barroso}, J. and {Davies}, R.~L. and 
	{Bacon}, R. and {Bureau}, M. and {Cappellari}, M. and {de Zeeuw}, P.~T. and 
	{Emsellem}, E. and {Fathi}, K. and {Krajnovi{\'c}}, D. and {Kuntschner}, H. and 
	{McDermid}, R.~M. and {Peletier}, R.~F.},
    title = "{The SAURON project - V. Integral-field emission-line kinematics of 48 elliptical and lenticular galaxies}",
  journal = {\mnras},
   eprint = {astro-ph/0511307},
 keywords = {galaxies: elliptical and lenticular, cD, galaxies: evolution, galaxies: formation, galaxies: ISM, galaxies: kinematics and dynamics, galaxies: structure},
     year = 2006,
    month = mar,
   volume = 366,
    pages = {1151-1200},
      doi = {10.1111/j.1365-2966.2005.09839.x},
   adsurl = {http://adsabs.harvard.edu/abs/2006MNRAS.366.1151S},
  adsnote = {Provided by the SAO/NASA Astrophysics Data System}
}

@ARTICLE{springel2005,
   author = {{Springel}, V. and {White}, S.~D.~M. and {Jenkins}, A. and {Frenk}, C.~S. and 
	{Yoshida}, N. and {Gao}, L. and {Navarro}, J. and {Thacker}, R. and 
	{Croton}, D. and {Helly}, J. and {Peacock}, J.~A. and {Cole}, S. and 
	{Thomas}, P. and {Couchman}, H. and {Evrard}, A. and {Colberg}, J. and 
	{Pearce}, F.},
    title = "{Simulations of the formation, evolution and clustering of galaxies and quasars}",
  journal = {\nat},
   eprint = {astro-ph/0504097},
     year = 2005,
    month = jun,
   volume = 435,
    pages = {629-636},
      doi = {10.1038/nature03597},
   adsurl = {http://adsabs.harvard.edu/abs/2005Natur.435..629S},
  adsnote = {Provided by the SAO/NASA Astrophysics Data System}
}

@ARTICLE{pichon2011,
       author = {{Pichon}, C. and {Pogosyan}, D. and {Kimm}, T. and {Slyz}, A. and
        {Devriendt}, J. and {Dubois}, Y.},
        title = "{Rigging dark haloes: why is hierarchical galaxy formation consistent
        with the inside-out build-up of thin discs?}",
      journal = {\mnras},
     keywords = {galaxies: evolution, galaxies: formation, galaxies: kinematics and
        dynamics, galaxies: statistics, galaxies: structure, large-scale
        structure of Universe, Astrophysics - Cosmology and Nongalactic
        Astrophysics, Astrophysics - Astrophysics of Galaxies},
         year = 2011,
        month = Dec,
       volume = {418},
        pages = {2493-2507},
          doi = {10.1111/j.1365-2966.2011.19640.x},
archivePrefix = {arXiv},
       eprint = {1105.0210},
       adsurl = {https://ui.adsabs.harvard.edu/#abs/2011MNRAS.418.2493P},
      adsnote = {Provided by the SAO/NASA Astrophysics Data System}
}

@ARTICLE{drory2015,
   author = {{Drory}, N. and {MacDonald}, N. and {Bershady}, M.~A. and {Bundy}, K. and 
	{Gunn}, J. and {Law}, D.~R. and {Smith}, M. and {Stoll}, R. and 
	{Tremonti}, C.~A. and {Wake}, D.~A. and {Yan}, R. and {Weijmans}, A.~M. and 
	{Byler}, N. and {Cherinka}, B. and {Cope}, F. and {Eigenbrot}, A. and 
	{Harding}, P. and {Holder}, D. and {Huehnerhoff}, J. and {Jaehnig}, K. and 
	{Jansen}, T.~C. and {Klaene}, M. and {Paat}, A.~M. and {Percival}, J. and 
	{Sayres}, C.},
    title = "{The MaNGA Integral Field Unit Fiber Feed System for the Sloan 2.5 m Telescope}",
  journal = {\aj},
archivePrefix = "arXiv",
   eprint = {1412.1535},
 primaryClass = "astro-ph.IM",
 keywords = {galaxies: general, instrumentation: spectrographs, surveys, techniques: imaging spectroscopy},
     year = 2015,
    month = feb,
   volume = 149,
      eid = {77},
    pages = {77},
      doi = {10.1088/0004-6256/149/2/77},
   adsurl = {http://adsabs.harvard.edu/abs/2015AJ....149...77D},
  adsnote = {Provided by the SAO/NASA Astrophysics Data System}
}

@ARTICLE{law2016drp,
   author = {{Law}, D.~R. and {Cherinka}, B. and {Yan}, R. and {Andrews}, B.~H. and 
	{Bershady}, M.~A. and {Bizyaev}, D. and {Blanc}, G.~A. and {Blanton}, M.~R. and 
	{Bolton}, A.~S. and {Brownstein}, J.~R. and {Bundy}, K. and 
	{Chen}, Y. and {Drory}, N. and {D'Souza}, R. and {Fu}, H. and 
	{Jones}, A. and {Kauffmann}, G. and {MacDonald}, N. and {Masters}, K.~L. and 
	{Newman}, J.~A. and {Parejko}, J.~K. and {S{\'a}nchez-Gallego}, J.~R. and 
	{S{\'a}nchez}, S.~F. and {Schlegel}, D.~J. and {Thomas}, D. and 
	{Wake}, D.~A. and {Weijmans}, A.-M. and {Westfall}, K.~B. and 
	{Zhang}, K.},
    title = "{The Data Reduction Pipeline for the SDSS-IV MaNGA IFU Galaxy Survey}",
  journal = {\aj},
archivePrefix = "arXiv",
   eprint = {1607.08619},
 primaryClass = "astro-ph.IM",
 keywords = {methods: data analysis, surveys, techniques: imaging spectroscopy},
     year = 2016,
    month = oct,
   volume = 152,
      eid = {83},
    pages = {83},
      doi = {10.3847/0004-6256/152/4/83},
   adsurl = {http://adsabs.harvard.edu/abs/2016AJ....152...83L},
  adsnote = {Provided by the SAO/NASA Astrophysics Data System}
}

@ARTICLE{yan2016spec,
   author = {{Yan}, R. and {Tremonti}, C. and {Bershady}, M.~A. and {Law}, D.~R. and 
	{Schlegel}, D.~J. and {Bundy}, K. and {Drory}, N. and {MacDonald}, N. and 
	{Bizyaev}, D. and {Blanc}, G.~A. and {Blanton}, M.~R. and {Cherinka}, B. and 
	{Eigenbrot}, A. and {Gunn}, J.~E. and {Harding}, P. and {Hogg}, D.~W. and 
	{S{\'a}nchez-Gallego}, J.~R. and {S{\'a}nchez}, S.~F. and {Wake}, D.~A. and 
	{Weijmans}, A.-M. and {Xiao}, T. and {Zhang}, K.},
    title = "{SDSS-IV/MaNGA: Spectrophotometric Calibration Technique}",
  journal = {\aj},
archivePrefix = "arXiv",
   eprint = {1511.01496},
 primaryClass = "astro-ph.IM",
 keywords = {atmospheric effects, methods: observational, surveys, techniques: imaging spectroscopy},
     year = 2016,
    month = jan,
   volume = 151,
      eid = {8},
    pages = {8},
      doi = {10.3847/0004-6256/151/1/8},
   adsurl = {http://adsabs.harvard.edu/abs/2016AJ....151....8Y},
  adsnote = {Provided by the SAO/NASA Astrophysics Data System}
}

@ARTICLE{law2015obs,
   author = {{Law}, D.~R. and {Yan}, R. and {Bershady}, M.~A. and {Bundy}, K. and 
	{Cherinka}, B. and {Drory}, N. and {MacDonald}, N. and {S{\'a}nchez-Gallego}, J.~R. and 
	{Wake}, D.~A. and {Weijmans}, A.-M. and {Blanton}, M.~R. and 
	{Klaene}, M.~A. and {Moran}, S.~M. and {Sanchez}, S.~F. and 
	{Zhang}, K.},
    title = "{Observing Strategy for the SDSS-IV/MaNGA IFU Galaxy Survey}",
  journal = {\aj},
archivePrefix = "arXiv",
   eprint = {1505.04285},
 primaryClass = "astro-ph.IM",
 keywords = {atmospheric effects, methods: observational, surveys, techniques: imaging spectroscopy},
     year = 2015,
    month = jul,
   volume = 150,
      eid = {19},
    pages = {19},
      doi = {10.1088/0004-6256/150/1/19},
   adsurl = {http://adsabs.harvard.edu/abs/2015AJ....150...19L},
  adsnote = {Provided by the SAO/NASA Astrophysics Data System}
}

@ARTICLE{yan2016obs,
   author = {{Yan}, R. and {Bundy}, K. and {Law}, D.~R. and {Bershady}, M.~A. and 
	{Andrews}, B. and {Cherinka}, B. and {Diamond-Stanic}, A.~M. and 
	{Drory}, N. and {MacDonald}, N. and {S{\'a}nchez-Gallego}, J.~R. and 
	{Thomas}, D. and {Wake}, D.~A. and {Weijmans}, A.-M. and {Westfall}, K.~B. and 
	{Zhang}, K. and {Arag{\'o}n-Salamanca}, A. and {Belfiore}, F. and 
	{Bizyaev}, D. and {Blanc}, G.~A. and {Blanton}, M.~R. and {Brownstein}, J. and 
	{Cappellari}, M. and {D'Souza}, R. and {Emsellem}, E. and {Fu}, H. and 
	{Gaulme}, P. and {Graham}, M.~T. and {Goddard}, D. and {Gunn}, J.~E. and 
	{Harding}, P. and {Jones}, A. and {Kinemuchi}, K. and {Li}, C. and 
	{Li}, H. and {Maiolino}, R. and {Mao}, S. and {Maraston}, C. and 
	{Masters}, K. and {Merrifield}, M.~R. and {Oravetz}, D. and 
	{Pan}, K. and {Parejko}, J.~K. and {Sanchez}, S.~F. and {Schlegel}, D. and 
	{Simmons}, A. and {Thanjavur}, K. and {Tinker}, J. and {Tremonti}, C. and 
	{van den Bosch}, R. and {Zheng}, Z.},
    title = "{SDSS-IV MaNGA IFS Galaxy Survey{\mdash}Survey Design, Execution, and Initial Data Quality}",
  journal = {\aj},
archivePrefix = "arXiv",
   eprint = {1607.08613},
 keywords = {galaxies: evolution, galaxies: general, surveys, techniques: imaging spectroscopy},
     year = 2016,
    month = dec,
   volume = 152,
      eid = {197},
    pages = {197},
      doi = {10.3847/0004-6256/152/6/197},
   adsurl = {http://adsabs.harvard.edu/abs/2016AJ....152..197Y},
  adsnote = {Provided by the SAO/NASA Astrophysics Data System}
}

@ARTICLE{cappellari2011,
   author = {{Cappellari}, M. and {Emsellem}, E. and {Krajnovi{\'c}}, D. and 
	{McDermid}, R.~M. and {Serra}, P. and {Alatalo}, K. and {Blitz}, L. and 
	{Bois}, M. and {Bournaud}, F. and {Bureau}, M. and {Davies}, R.~L. and 
	{Davis}, T.~A. and {de Zeeuw}, P.~T. and {Khochfar}, S. and 
	{Kuntschner}, H. and {Lablanche}, P.-Y. and {Morganti}, R. and 
	{Naab}, T. and {Oosterloo}, T. and {Sarzi}, M. and {Scott}, N. and 
	{Weijmans}, A.-M. and {Young}, L.~M.},
    title = "{The ATLAS$^{3D}$ project - VII. A new look at the morphology of nearby galaxies: the kinematic morphology-density relation}",
  journal = {\mnras},
archivePrefix = "arXiv",
   eprint = {1104.3545},
 primaryClass = "astro-ph.CO",
 keywords = {galaxies: elliptical and lenticular, cD, galaxies: evolution, galaxies: formation, galaxies: kinematics and dynamics, galaxies: structure},
     year = 2011,
    month = sep,
   volume = 416,
    pages = {1680-1696},
      doi = {10.1111/j.1365-2966.2011.18600.x},
   adsurl = {http://adsabs.harvard.edu/abs/2011MNRAS.416.1680C},
  adsnote = {Provided by the SAO/NASA Astrophysics Data System}
}

@ARTICLE{artale2018,
   author = {{Artale}, M.~C. and {Zehavi}, I. and {Contreras}, S. and {Norberg}, P.
	},
    title = "{The impact of assembly bias on the halo occupation in hydrodynamical simulations}",
  journal = {ArXiv e-prints},
archivePrefix = "arXiv",
   eprint = {1805.06938},
 keywords = {Astrophysics - Astrophysics of Galaxies},
     year = 2018,
    month = may,
   adsurl = {http://adsabs.harvard.edu/abs/2018arXiv180506938A},
  adsnote = {Provided by the SAO/NASA Astrophysics Data System}
}


@ARTICLE{EAGLE2015,
   author = {{Schaye}, J. and {Crain}, R.~A. and {Bower}, R.~G. and {Furlong}, M. and 
	{Schaller}, M. and {Theuns}, T. and {Dalla Vecchia}, C. and 
	{Frenk}, C.~S. and {McCarthy}, I.~G. and {Helly}, J.~C. and 
	{Jenkins}, A. and {Rosas-Guevara}, Y.~M. and {White}, S.~D.~M. and 
	{Baes}, M. and {Booth}, C.~M. and {Camps}, P. and {Navarro}, J.~F. and 
	{Qu}, Y. and {Rahmati}, A. and {Sawala}, T. and {Thomas}, P.~A. and 
	{Trayford}, J.},
    title = "{The EAGLE project: simulating the evolution and assembly of galaxies and their environments}",
  journal = {\mnras},
archivePrefix = "arXiv",
   eprint = {1407.7040},
 keywords = {methods: numerical, galaxies: evolution, galaxies: formation, cosmology: theory},
     year = 2015,
    month = jan,
   volume = 446,
    pages = {521-554},
      doi = {10.1093/mnras/stu2058},
   adsurl = {http://adsabs.harvard.edu/abs/2015MNRAS.446..521S},
  adsnote = {Provided by the SAO/NASA Astrophysics Data System}
}

@ARTICLE{reddick2013,
       author = {{Reddick}, Rachel M. and {Wechsler}, Risa H. and {Tinker}, Jeremy L. and
        {Behroozi}, Peter S.},
        title = "{The Connection between Galaxies and Dark Matter Structures in the Local
        Universe}",
      journal = {\apj},
     keywords = {dark matter, galaxies: formation, galaxies: groups: general, galaxies:
        halos, large-scale structure of universe, methods: statistical,
        Astrophysics - Cosmology and Extragalactic Astrophysics},
         year = 2013,
        month = Jul,
       volume = {771},
          eid = {30},
        pages = {30},
          doi = {10.1088/0004-637X/771/1/30},
archivePrefix = {arXiv},
       eprint = {1207.2160},
 primaryClass = {astro-ph.CO},
       adsurl = {https://ui.adsabs.harvard.edu/#abs/2013ApJ...771...30R},
      adsnote = {Provided by the SAO/NASA Astrophysics Data System}
}

@ARTICLE{kaiser1987,
       author = {{Kaiser}, Nick},
        title = "{Clustering in real space and in redshift space}",
      journal = {\mnras},
     keywords = {Astronomical Models, Deep Space, Galactic Clusters, Red Shift, Density
        Distribution, Power Spectra, Velocity Distribution, Astrophysics},
         year = 1987,
        month = Jul,
       volume = {227},
        pages = {1-21},
          doi = {10.1093/mnras/227.1.1},
       adsurl = {https://ui.adsabs.harvard.edu/#abs/1987MNRAS.227....1K},
      adsnote = {Provided by the SAO/NASA Astrophysics Data System}
}

@ARTICLE{jackson1972,
       author = {{Jackson}, J.~C.},
        title = "{A critique of Rees's theory of primordial gravitational radiation}",
      journal = {\mnras},
     keywords = {Astrophysics},
         year = 1972,
        month = Jan,
       volume = {156},
        pages = {1P},
          doi = {10.1093/mnras/156.1.1P},
archivePrefix = {arXiv},
       eprint = {0810.3908},
 primaryClass = {astro-ph},
       adsurl = {https://ui.adsabs.harvard.edu/#abs/1972MNRAS.156P...1J},
      adsnote = {Provided by the SAO/NASA Astrophysics Data System}
}

@INPROCEEDINGS{tulley1978,
       author = {{Tully}, R.~B. and {Fisher}, J.~R.},
        title = "{Nearby Small Groups of Galaxies}",
     keywords = {Galaxies, Red Shift, Spatial Distribution, Virial Theorem, Celestial
        Sphere, Covariance, Density (Number/Volume), Galactic Clusters,
        Luminous Intensity, Radial Velocity, Southern Hemisphere,
        Statistical Correlation, Astrophysics},
    booktitle = {Large Scale Structures in the Universe},
         year = 1978,
       editor = {{Longair}, M.~S. and {Einasto}, J.},
       volume = {79},
        month = Jan,
        pages = {31},
       adsurl = {https://ui.adsabs.harvard.edu/#abs/1978IAUS...79...31T},
      adsnote = {Provided by the SAO/NASA Astrophysics Data System}
}

@ARTICLE{shi2016,
       author = {{Shi}, Feng and {Yang}, Xiaohu and {Wang}, Huiyuan and {Zhang}, Youcai
        and {Mo}, H.~J. and {van den Bosch}, Frank C. and {Li}, Shijie
        and {Liu}, Chengze and {Lu}, Yi and {Tweed}, Dylan and {Yang},
        Lei},
        title = "{Mapping the Real-space Distributions of Galaxies in SDSS DR7. I. Two-
        point Correlation Functions}",
      journal = {\apj},
     keywords = {dark matter, galaxies: halos, large-scale structure of universe,
        methods: statistical, Astrophysics - Cosmology and Nongalactic
        Astrophysics, Astrophysics - Astrophysics of Galaxies},
         year = 2016,
        month = Dec,
       volume = {833},
          eid = {241},
        pages = {241},
          doi = {10.3847/1538-4357/833/2/241},
 primaryClass = {astro-ph.CO},
       adsurl = {https://ui.adsabs.harvard.edu/#abs/2016ApJ...833..241S},
      adsnote = {Provided by the SAO/NASA Astrophysics Data System}
}

@ARTICLE{zehavi2011,
   author = {{Zehavi}, I. and {Zheng}, Z. and {Weinberg}, D.~H. and {Blanton}, M.~R. and 
	{Bahcall}, N.~A. and {Berlind}, A.~A. and {Brinkmann}, J. and 
	{Frieman}, J.~A. and {Gunn}, J.~E. and {Lupton}, R.~H. and {Nichol}, R.~C. and 
	{Percival}, W.~J. and {Schneider}, D.~P. and {Skibba}, R.~A. and 
	{Strauss}, M.~A. and {Tegmark}, M. and {York}, D.~G.},
    title = "{Galaxy Clustering in the Completed SDSS Redshift Survey: The Dependence on Color and Luminosity}",
  journal = {\apj},
archivePrefix = "arXiv",
   eprint = {1005.2413},
 keywords = {cosmology: observations, cosmology: theory, galaxies: distances and redshifts, galaxies: halos, galaxies: statistics, large-scale structure of universe},
     year = 2011,
    month = jul,
   volume = 736,
      eid = {59},
    pages = {59},
      doi = {10.1088/0004-637X/736/1/59},
   adsurl = {http://adsabs.harvard.edu/abs/2011ApJ...736...59Z},
  adsnote = {Provided by the SAO/NASA Astrophysics Data System}
}

@ARTICLE{westfall2019,
       author = {{Westfall}, Kyle B. and {Cappellari}, Michele and
         {Bershady}, Matthew A. and {Bundy}, Kevin and {Belfiore}, Francesco and
         {Ji}, Xihan and {Law}, David R. and {Schaefer}, Adam and
         {Shetty}, Shravan and {Tremonti}, Christy A. and {Yan}, Renbin and
         {Andrews}, Brett H. and {Brownstein}, Joel R. and {Cherinka}, Brian and
         {Coccato}, Lodovico and {Drory}, Niv and {Maraston}, Claudia and
         {Parikh}, Taniya and {S{\'a}nchez-Gallego}, Jos{\'e} R. and
         {Thomas}, Daniel and {Weijmans}, Anne-Marie and
         {Barrera-Ballesteros}, Jorge and {Du}, Cheng and {Goddard}, Daniel and
         {Li}, Niu and {Masters}, Karen and {Ibarra Medel}, H{\'e}ctor Javier and
         {S{\'a}nchez}, Sebasti{\'a}n F. and {Yang}, Meng and {Zheng}, Zheng and
         {Zhou}, Shuang},
        title = "{The Data Analysis Pipeline for the SDSS-IV MaNGA IFU Galaxy Survey: Overview}",
      journal = {arXiv e-prints},
     keywords = {Astrophysics - Astrophysics of Galaxies},
         year = "2019",
        month = "Jan",
          eid = {arXiv:1901.00856},
        pages = {arXiv:1901.00856},
archivePrefix = {arXiv},
       eprint = {1901.00856},
 primaryClass = {astro-ph.GA},
       adsurl = {https://ui.adsabs.harvard.edu/\#abs/2019arXiv190100856W},
      adsnote = {Provided by the SAO/NASA Astrophysics Data System}
}

@ARTICLE{belfiore2019,
       author = {{Belfiore}, Francesco and {Westfall}, Kyle B. and {Schaefer}, Adam and
         {Cappellari}, Michele and {Ji}, Xihan and {Bershady}, Matthew A. and
         {Tremonti}, Christy and {Law}, David R. and {Yan}, Renbin and
         {Bundy}, Kevin and {Shetty}, Shravan and {Drory}, Niv and
         {Thomas}, Daniel and {Emsellem}, Eric and
         {S{\'a}nchez}, Sebasti{\'a}n F.},
        title = "{The Data Analysis Pipeline for the SDSS-IV MaNGA IFU Galaxy Survey: Emission-Line Modeling}",
      journal = {arXiv e-prints},
     keywords = {Astrophysics - Astrophysics of Galaxies},
         year = "2019",
        month = "Jan",
          eid = {arXiv:1901.00866},
        pages = {arXiv:1901.00866},
archivePrefix = {arXiv},
       eprint = {1901.00866},
 primaryClass = {astro-ph.GA},
       adsurl = {https://ui.adsabs.harvard.edu/\#abs/2019arXiv190100866B},
      adsnote = {Provided by the SAO/NASA Astrophysics Data System}
}

@ARTICLE{califa,
       author = {{S{\'a}nchez}, S.~F. and {Garc{\'\i}a-Benito}, R. and {Zibetti}, S. and
         {Walcher}, C.~J. and {Husemann}, B. and {Mendoza}, M.~A. and
         {Galbany}, L. and {Falc{\'o}n-Barroso}, J. and {Mast}, D. and
         {Aceituno}, J. and {Aguerri}, J.~A.~L. and {Alves}, J. and
         {Amorim}, A.~L. and {Ascasibar}, Y. and {Barrado-Navascues}, D. and
         {Barrera-Ballesteros}, J. and {Bekerait{\`e}}, S. and {Bland
        -Hawthorn}, J. and {Cano D{\'\i}az}, M. and {Cid Fernandes}, R. and
         {Cavichia}, O. and {Cortijo}, C. and {Dannerbauer}, H. and
         {Demleitner}, M. and {D{\'\i}az}, A. and {Dettmar}, R.~J. and
         {de Lorenzo-C{\'a}ceres}, A. and {del Olmo}, A. and {Galazzi}, A. and
         {Garc{\'\i}a-Lorenzo}, B. and {Gil de Paz}, A. and
         {Gonz{\'a}lez Delgado}, R. and {Holmes}, L. and
         {Igl{\'e}sias-P{\'a}ramo}, J. and {Kehrig}, C. and {Kelz}, A. and
         {Kennicutt}, R.~C. and {Kleemann}, B. and {Lacerda}, E.~A.~D. and
         {L{\'o}pez Fern{\'a}ndez}, R. and {L{\'o}pez S{\'a}nchez}, A.~R. and
         {Lyubenova}, M. and {Marino}, R. and {M{\'a}rquez}, I. and
         {Mendez-Abreu}, J. and {Moll{\'a}}, M. and {Monreal-Ibero}, A. and
         {Ortega Minakata}, R. and {Torres-Papaqui}, J.~P. and {P{\'e}rez}, E. and
         {Rosales-Ortega}, F.~F. and {Roth}, M.~M. and
         {S{\'a}nchez-Bl{\'a}zquez}, P. and {Schilling}, U. and {Spekkens}, K. and
         {Vale Asari}, N. and {van den Bosch}, R.~C.~E. and {van de Ven}, G. and
         {Vilchez}, J.~M. and {Wild}, V. and {Wisotzki}, L. and
         {Y{\i}ld{\i}r{\i}m}, A. and {Ziegler}, B.},
        title = "{CALIFA, the Calar Alto Legacy Integral Field Area survey. IV. Third public data release}",
      journal = {\aap},
     keywords = {galaxies: evolution, galaxies: general, techniques: spectroscopic, surveys, Astrophysics - Astrophysics of Galaxies},
         year = "2016",
        month = "Oct",
       volume = {594},
          eid = {A36},
        pages = {A36},
          doi = {10.1051/0004-6361/201628661},
archivePrefix = {arXiv},
       eprint = {1604.02289},
 primaryClass = {astro-ph.GA},
       adsurl = {https://ui.adsabs.harvard.edu/\#abs/2016A&A...594A..36S},
      adsnote = {Provided by the SAO/NASA Astrophysics Data System}
}

@ARTICLE{barrera2014,
       author = {{Barrera-Ballesteros}, J.~K. and {Falc{\'o}n-Barroso}, J. and
         {Garc{\'\i}a-Lorenzo}, B. and {van de Ven}, G. and {Aguerri}, J.~A.~L. and
         {Mendez-Abreu}, J. and {Spekkens}, K. and {Lyubenova}, M. and
         {S{\'a}nchez}, S.~F. and {Husemann}, B. and {Mast}, D. and
         {Garc{\'\i}a-Benito}, R. and {Iglesias-Paramo}, J. and {Del Olmo}, A. and
         {M{\'a}rquez}, I. and {Masegosa}, J. and {Kehrig}, C. and
         {Marino}, R.~A. and {Verdes-Montenegro}, L. and {Ziegler}, B. and
         {McIntosh}, D.~H. and {Bland-Hawthorn}, J. and {Walcher}, C.~J. and
         {Califa Collaboration}},
        title = "{Kinematic alignment of non-interacting CALIFA galaxies. Quantifying the impact of bars on stellar and ionised gas velocity field orientations}",
      journal = {\aap},
     keywords = {galaxies: kinematics and dynamics, galaxies: photometry, galaxies: structure, galaxies: evolution, Astrophysics - Astrophysics of Galaxies},
         year = "2014",
        month = "Aug",
       volume = {568},
          eid = {A70},
        pages = {A70},
          doi = {10.1051/0004-6361/201423488},
archivePrefix = {arXiv},
       eprint = {1405.5222},
 primaryClass = {astro-ph.GA},
       adsurl = {https://ui.adsabs.harvard.edu/abs/2014A&A...568A..70B},
      adsnote = {Provided by the SAO/NASA Astrophysics Data System}
}

@ARTICLE{lim2017,
       author = {{Lim}, S.~H. and {Mo}, H.~J. and {Lu}, Yi and {Wang}, Huiyuan and
         {Yang}, Xiaohu},
        title = "{Galaxy groups in the low-redshift Universe}",
      journal = {\mnras},
     keywords = {methods: statistical, galaxies: evolution, galaxies: formation, galaxies: haloes, Astrophysics - Astrophysics of Galaxies},
         year = "2017",
        month = "Sep",
       volume = {470},
       number = {3},
        pages = {2982-3005},
          doi = {10.1093/mnras/stx1462},
archivePrefix = {arXiv},
       eprint = {1706.02307},
 primaryClass = {astro-ph.GA},
       adsurl = {https://ui.adsabs.harvard.edu/abs/2017MNRAS.470.2982L},
      adsnote = {Provided by the SAO/NASA Astrophysics Data System}
}

@ARTICLE{pipe3Da,
   author = {{S{\'a}nchez}, S.~F. and {P{\'e}rez}, E. and {S{\'a}nchez-Bl{\'a}zquez}, P. and 
	{Garc{\'{\i}}a-Benito}, R. and {Ibarra-Mede}, H.~J. and {Gonz{\'a}lez}, J.~J. and 
	{Rosales-Ortega}, F.~F. and {S{\'a}nchez-Menguiano}, L. and 
	{Ascasibar}, Y. and {Bitsakis}, T. and {Law}, D. and {Cano-D{\'{\i}}az}, M. and 
	{L{\'o}pez-Cob{\'a}}, C. and {Marino}, R.~A. and {Gil de Paz}, A. and 
	{L{\'o}pez-S{\'a}nchez}, A.~R. and {Barrera-Ballesteros}, J. and 
	{Galbany}, L. and {Mast}, D. and {Abril-Melgarejo}, V. and {Roman-Lopes}, A.
	},
    title = "{Pipe3D, a pipeline to analyze Integral Field Spectroscopy Data: II. Analysis sequence and CALIFA dataproducts}",
  journal = {\rmxaa},
archivePrefix = "arXiv",
   eprint = {1602.01830},
 primaryClass = "astro-ph.IM",
 keywords = {galaxies: structure, methods: data analysis, surveys, techniques: spectroscopic},
     year = 2016,
    month = apr,
   volume = 52,
    pages = {171-220},
   adsurl = {http://adsabs.harvard.edu/abs/2016RMxAA..52..171S},
  adsnote = {Provided by the SAO/NASA Astrophysics Data System}
}

@ARTICLE{willett2013,
       author = {{Willett}, Kyle W. and {Lintott}, Chris J. and {Bamford}, Steven P. and
         {Masters}, Karen L. and {Simmons}, Brooke D. and
         {Casteels}, Kevin R.~V. and {Edmondson}, Edward M. and
         {Fortson}, Lucy F. and {Kaviraj}, Sugata and {Keel}, William C. and
         {Melvin}, Thomas and {Nichol}, Robert C. and {Raddick}, M. Jordan and
         {Schawinski}, Kevin and {Simpson}, Robert J. and {Skibba}, Ramin A. and
         {Smith}, Arfon M. and {Thomas}, Daniel},
        title = "{Galaxy Zoo 2: detailed morphological classifications for 304 122 galaxies from the Sloan Digital Sky Survey}",
      journal = {\mnras},
     keywords = {methods: data analysis, catalogues, galaxies: elliptical and lenticular, galaxies: general, galaxies: spiral, Astrophysics - Cosmology and Nongalactic Astrophysics},
         year = "2013",
        month = "Nov",
       volume = {435},
       number = {4},
        pages = {2835-2860},
          doi = {10.1093/mnras/stt1458},
archivePrefix = {arXiv},
       eprint = {1308.3496},
 primaryClass = {astro-ph.CO},
       adsurl = {https://ui.adsabs.harvard.edu/abs/2013MNRAS.435.2835W},
      adsnote = {Provided by the SAO/NASA Astrophysics Data System}
}

@ARTICLE{bryant2019,
       author = {{Bryant}, J.~J. and {Croom}, S.~M. and {van de Sande}, J. and
         {Scott}, N. and {Fogarty}, L.~M.~R. and {Bland-Hawthorn}, J. and
         {Bloom}, J.~V. and {Taylor}, E.~N. and {Brough}, S. and {Robotham}, A. and
         {Cortese}, L. and {Couch}, W. and {Owers}, M.~S. and {Medling}, A.~M. and
         {Federrath}, C. and {Bekki}, K. and {Richards}, S.~N. and
         {Lawrence}, J.~S. and {Konstantopoulos}, I.~S.},
        title = "{The SAMI Galaxy Survey: stellar and gas misalignments and the origin of gas in nearby galaxies}",
      journal = {\mnras},
     keywords = {techniques: imaging spectroscopy, surveys, galaxies: evolution, galaxies: kinematics and dynamics, Astrophysics - Astrophysics of Galaxies},
         year = "2019",
        month = "Feb",
       volume = {483},
       number = {1},
        pages = {458-479},
          doi = {10.1093/mnras/sty3122},
archivePrefix = {arXiv},
       eprint = {1811.09298},
 primaryClass = {astro-ph.GA},
       adsurl = {https://ui.adsabs.harvard.edu/abs/2019MNRAS.483..458B},
      adsnote = {Provided by the SAO/NASA Astrophysics Data System}
}

@ARTICLE{nair2010,
       author = {{Nair}, Preethi B. and {Abraham}, Roberto G.},
        title = "{A Catalog of Detailed Visual Morphological Classifications for 14,034 Galaxies in the Sloan Digital Sky Survey}",
      journal = {\apjs},
     keywords = {catalogs, galaxies: fundamental parameters, galaxies: photometry, galaxies: structure, Astrophysics - Cosmology and Nongalactic Astrophysics},
         year = "2010",
        month = "Feb",
       volume = {186},
       number = {2},
        pages = {427-456},
          doi = {10.1088/0067-0049/186/2/427},
archivePrefix = {arXiv},
       eprint = {1001.2401},
 primaryClass = {astro-ph.CO},
       adsurl = {https://ui.adsabs.harvard.edu/abs/2010ApJS..186..427N},
      adsnote = {Provided by the SAO/NASA Astrophysics Data System}
}

@ARTICLE{belfoire2019,
       author = {{Belfiore}, Francesco and {Westfall}, Kyle B. and {Schaefer}, Adam and
         {Cappellari}, Michele and {Ji}, Xihan and {Bershady}, Matthew A. and
         {Tremonti}, Christy and {Law}, David R. and {Yan}, Renbin and
         {Bundy}, Kevin and {Shetty}, Shravan and {Drory}, Niv and
         {Thomas}, Daniel and {Emsellem}, Eric and
         {S{\'a}nchez}, Sebasti{\'a}n F.},
        title = "{The Data Analysis Pipeline for the SDSS-IV MaNGA IFU Galaxy Survey: Emission-Line Modeling}",
      journal = {arXiv e-prints},
     keywords = {Astrophysics - Astrophysics of Galaxies},
         year = "2019",
        month = "Jan",
          eid = {arXiv:1901.00866},
        pages = {arXiv:1901.00866},
archivePrefix = {arXiv},
       eprint = {1901.00866},
 primaryClass = {astro-ph.GA},
       adsurl = {https://ui.adsabs.harvard.edu/abs/2019arXiv190100866B},
      adsnote = {Provided by the SAO/NASA Astrophysics Data System}
}

@ARTICLE{gunn2006,
   author = {{Gunn}, J.~E. and {Siegmund}, W.~A. and {Mannery}, E.~J. and 
	{Owen}, R.~E. and {Hull}, C.~L. and {Leger}, R.~F. and {Carey}, L.~N. and 
	{Knapp}, G.~R. and {York}, D.~G. and {Boroski}, W.~N. and {Kent}, S.~M. and 
	{Lupton}, R.~H. and {Rockosi}, C.~M. and {Evans}, M.~L. and 
	{Waddell}, P. and {Anderson}, J.~E. and {Annis}, J. and {Barentine}, J.~C. and 
	{Bartoszek}, L.~M. and {Bastian}, S. and {Bracker}, S.~B. and 
	{Brewington}, H.~J. and {Briegel}, C.~I. and {Brinkmann}, J. and 
	{Brown}, Y.~J. and {Carr}, M.~A. and {Czarapata}, P.~C. and 
	{Drennan}, C.~C. and {Dombeck}, T. and {Federwitz}, G.~R. and 
	{Gillespie}, B.~A. and {Gonzales}, C. and {Hansen}, S.~U. and 
	{Harvanek}, M. and {Hayes}, J. and {Jordan}, W. and {Kinney}, E. and 
	{Klaene}, M. and {Kleinman}, S.~J. and {Kron}, R.~G. and {Kresinski}, J. and 
	{Lee}, G. and {Limmongkol}, S. and {Lindenmeyer}, C.~W. and 
	{Long}, D.~C. and {Loomis}, C.~L. and {McGehee}, P.~M. and {Mantsch}, P.~M. and 
	{Neilsen}, Jr., E.~H. and {Neswold}, R.~M. and {Newman}, P.~R. and 
	{Nitta}, A. and {Peoples}, Jr., J. and {Pier}, J.~R. and {Prieto}, P.~S. and 
	{Prosapio}, A. and {Rivetta}, C. and {Schneider}, D.~P. and 
	{Snedden}, S. and {Wang}, S.-i.},
    title = "{The 2.5 m Telescope of the Sloan Digital Sky Survey}",
  journal = {\aj},
   eprint = {astro-ph/0602326},
 keywords = {Surveys, Telescopes},
     year = 2006,
    month = apr,
   volume = 131,
    pages = {2332-2359},
      doi = {10.1086/500975},
   adsurl = {http://adsabs.harvard.edu/abs/2006AJ....131.2332G},
  adsnote = {Provided by the SAO/NASA Astrophysics Data System}
}

@ARTICLE{pipe3Dvac,
       author = {{S{\'a}nchez}, S.~F. and {Avila-Reese}, V. and {Hernandez-Toledo}, H. and
         {Cortes-Su{\'a}rez}, E. and {Rodr{\'\i}guez-Puebla}, A. and
         {Ibarra-Medel}, H. and {Cano-D{\'\i}az}, M. and
         {Barrera-Ballesteros}, J.~K. and {Negrete}, C.~A. and {Calette}, A.~R. and
         {de Lorenzo-C{\'a}ceres}, A. and {Ortega-Minakata}, R.~A. and
         {Aquino}, E. and {Valenzuela}, O. and {Clemente}, J.~C. and
         {Storchi-Bergmann}, T. and {Riffel}, R. and {Schimoia}, J. and
         {Riffel}, R.~A. and {Rembold}, S.~B. and {Brownstein}, J.~R. and
         {Pan}, K. and {Yates}, R. and {Mallmann}, N. and {Bitsakis}, T.},
        title = "{SDSS IV MaNGA - Properties of AGN Host Galaxies}",
      journal = {\rmxaa},
     keywords = {catalogues, galaxies: active, galaxies: evolution, galaxies: nuclei, galaxies: star formation, techniques: imaging spectroscopy, Astrophysics - Astrophysics of Galaxies},
         year = "2018",
        month = "Apr",
       volume = {54},
        pages = {217-260},
archivePrefix = {arXiv},
       eprint = {1709.05438},
 primaryClass = {astro-ph.GA},
       adsurl = {https://ui.adsabs.harvard.edu/abs/2018RMxAA..54..217S},
      adsnote = {Provided by the SAO/NASA Astrophysics Data System}
}

@ARTICLE{graham2018,
       author = {{Graham}, Mark T. and {Cappellari}, Michele and {Li}, Hongyu and
         {Mao}, Shude and {Bershady}, Matthew A. and {Bizyaev}, Dmitry and
         {Brinkmann}, Jonathan and {Brownstein}, Joel R. and {Bundy}, Kevin and
         {Drory}, Niv and {Law}, David R. and {Pan}, Kaike and {Thomas}, Daniel and
         {Wake}, David A. and {Weijmans}, Anne-Marie and {Westfall}, Kyle B. and
         {Yan}, Renbin},
        title = "{SDSS-IV MaNGA: stellar angular momentum of about 2300 galaxies: unveiling the bimodality of massive galaxy properties}",
      journal = {\mnras},
     keywords = {galaxies: elliptical and lenticular, cD, galaxies: evolution, galaxies: formation, galaxies: kinematics and dynamics, galaxies: spiral, Astrophysics - Astrophysics of Galaxies},
         year = "2018",
        month = "Jul",
       volume = {477},
       number = {4},
        pages = {4711-4737},
          doi = {10.1093/mnras/sty504},
archivePrefix = {arXiv},
       eprint = {1802.08213},
 primaryClass = {astro-ph.GA},
       adsurl = {https://ui.adsabs.harvard.edu/abs/2018MNRAS.477.4711G},
      adsnote = {Provided by the SAO/NASA Astrophysics Data System}
}

@ARTICLE{cortese2016,
       author = {{Cortese}, L. and {Fogarty}, L.~M.~R. and {Bekki}, K. and {van de Sand
        e}, J. and {Couch}, W. and {Catinella}, B. and {Colless}, M. and
         {Obreschkow}, D. and {Taranu}, D. and {Tescari}, E. and {Barat}, D. and
         {Bland-Hawthorn}, J. and {Bloom}, J. and {Bryant}, J.~J. and
         {Cluver}, M. and {Croom}, S.~M. and {Drinkwater}, M.~J. and
         {d'Eugenio}, F. and {Konstantopoulos}, I.~S. and {Lopez-Sanchez}, A. and
         {Mahajan}, S. and {Scott}, N. and {Tonini}, C. and {Wong}, O.~I. and
         {Allen}, J.~T. and {Brough}, S. and {Goodwin}, M. and {Green}, A.~W. and
         {Ho}, I. -T. and {Kelvin}, L.~S. and {Lawrence}, J.~S. and
         {Lorente}, N.~P.~F. and {Medling}, A.~M. and {Owers}, M.~S. and
         {Richards}, S. and {Sharp}, R. and {Sweet}, S.~M.},
        title = "{The SAMI Galaxy Survey: the link between angular momentum and optical morphology}",
      journal = {\mnras},
     keywords = {galaxies: evolution, galaxies: fundamental parameters, galaxies: kinematics and dynamics, Astrophysics - Astrophysics of Galaxies},
         year = "2016",
        month = "Nov",
       volume = {463},
       number = {1},
        pages = {170-184},
          doi = {10.1093/mnras/stw1891},
archivePrefix = {arXiv},
       eprint = {1608.00291},
 primaryClass = {astro-ph.GA},
       adsurl = {https://ui.adsabs.harvard.edu/abs/2016MNRAS.463..170C},
      adsnote = {Provided by the SAO/NASA Astrophysics Data System}
}

@ARTICLE{pillepich18b,
       author = {{Pillepich}, Annalisa and {Nelson}, Dylan and {Hernquist}, Lars and
        {Springel}, Volker and {Pakmor}, R{\"u}diger and {Torrey}, Paul
        and {Weinberger}, Rainer and {Genel}, Shy and {Naiman}, Jill P.
        and {Marinacci}, Federico and {Vogelsberger}, Mark},
        title = "{First results from the IllustrisTNG simulations: the stellar mass content of groups and clusters of galaxies}",
      journal = {\mnras},
     keywords = {methods: numerical, galaxies: clusters: general, galaxies: general, galaxies: groups: general, cosmology: theory, Astrophysics - Astrophysics of Galaxies, Astrophysics - Cosmology and Nongalactic Astrophysics},
         year = 2018,
        month = Mar,
       volume = {475},
        pages = {648-675},
          doi = {10.1093/mnras/stx3112},
archivePrefix = {arXiv},
       eprint = {1707.03406},
 primaryClass = {astro-ph.GA},
       adsurl = {https://ui.adsabs.harvard.edu/\#abs/2018MNRAS.475..648P},
      adsnote = {Provided by the SAO/NASA Astrophysics Data System}
}

@ARTICLE{springel18,
       author = {{Springel}, Volker and {Pakmor}, R{\"u}diger and {Pillepich}, Annalisa
        and {Weinberger}, Rainer and {Nelson}, Dylan and {Hernquist},
        Lars and {Vogelsberger}, Mark and {Genel}, Shy and {Torrey},
        Paul and {Marinacci}, Federico and {Naiman}, Jill},
        title = "{First results from the IllustrisTNG simulations: matter and galaxy clustering}",
      journal = {\mnras},
     keywords = {methods: numerical, galaxy formation, large-scale structure of Universe, Astrophysics - Astrophysics of Galaxies, Astrophysics - Cosmology and Nongalactic Astrophysics},
         year = 2018,
        month = Mar,
       volume = {475},
        pages = {676-698},
          doi = {10.1093/mnras/stx3304},
archivePrefix = {arXiv},
       eprint = {1707.03397},
 primaryClass = {astro-ph.GA},
       adsurl = {https://ui.adsabs.harvard.edu/\#abs/2018MNRAS.475..676S},
      adsnote = {Provided by the SAO/NASA Astrophysics Data System}
}

@ARTICLE{nelson18,
       author = {{Nelson}, Dylan and {Pillepich}, Annalisa and {Springel}, Volker and
        {Weinberger}, Rainer and {Hernquist}, Lars and {Pakmor},
        R{\"u}diger and {Genel}, Shy and {Torrey}, Paul and
        {Vogelsberger}, Mark and {Kauffmann}, Guinevere and {Marinacci},
        Federico and {Naiman}, Jill},
        title = "{First results from the IllustrisTNG simulations: the galaxy colour bimodality}",
      journal = {\mnras},
     keywords = {galaxies: evolution, galaxies: formation, Astrophysics - Astrophysics of Galaxies, Astrophysics - Cosmology and Nongalactic Astrophysics},
         year = 2018,
        month = Mar,
       volume = {475},
        pages = {624-647},
          doi = {10.1093/mnras/stx3040},
archivePrefix = {arXiv},
       eprint = {1707.03395},
 primaryClass = {astro-ph.GA},
       adsurl = {https://ui.adsabs.harvard.edu/\#abs/2018MNRAS.475..624N},
      adsnote = {Provided by the SAO/NASA Astrophysics Data System}
}

@ARTICLE{naiman18,
       author = {{Naiman}, Jill P. and {Pillepich}, Annalisa and {Springel}, Volker and
        {Ramirez-Ruiz}, Enrico and {Torrey}, Paul and {Vogelsberger},
        Mark and {Pakmor}, R{\"u}diger and {Nelson}, Dylan and
        {Marinacci}, Federico and {Hernquist}, Lars and {Weinberger},
        Rainer and {Genel}, Shy},
        title = "{First results from the IllustrisTNG simulations: a tale of two elements - chemical evolution of magnesium and europium}",
      journal = {\mnras},
     keywords = {methods: numerical, Galaxy: formation, cosmology: theory, Astrophysics - Astrophysics of Galaxies},
         year = 2018,
        month = Jun,
       volume = {477},
        pages = {1206-1224},
          doi = {10.1093/mnras/sty618},
archivePrefix = {arXiv},
       eprint = {1707.03401},
 primaryClass = {astro-ph.GA},
       adsurl = {https://ui.adsabs.harvard.edu/\#abs/2018MNRAS.477.1206N},
      adsnote = {Provided by the SAO/NASA Astrophysics Data System}
}

@ARTICLE{marinacci18,
       author = {{Marinacci}, Federico and {Vogelsberger}, Mark and {Pakmor}, R{\"u}diger
        and {Torrey}, Paul and {Springel}, Volker and {Hernquist}, Lars
        and {Nelson}, Dylan and {Weinberger}, Rainer and {Pillepich},
        Annalisa and {Naiman}, Jill and {Genel}, Shy},
        title = "{First results from the IllustrisTNG simulations: radio haloes and magnetic fields}",
      journal = {\mnras},
     keywords = {magnetic fields, MHD, methods: numerical, galaxies: clusters: general, cosmology: theory, radio continuum: general, Astrophysics - Cosmology and Nongalactic Astrophysics},
         year = 2018,
        month = Nov,
       volume = {480},
        pages = {5113-5139},
          doi = {10.1093/mnras/sty2206},
archivePrefix = {arXiv},
       eprint = {1707.03396},
 primaryClass = {astro-ph.CO},
       adsurl = {https://ui.adsabs.harvard.edu/\#abs/2018MNRAS.480.5113M},
      adsnote = {Provided by the SAO/NASA Astrophysics Data System}
}

@ARTICLE{springel10,
       author = {{Springel}, Volker},
        title = "{E pur si muove: Galilean-invariant cosmological hydrodynamical simulations on a moving mesh}",
      journal = {\mnras},
     keywords = {methods: numerical, galaxies: interactions, cosmology: dark matter, Astrophysics - Cosmology and Nongalactic Astrophysics},
         year = 2010,
        month = Jan,
       volume = {401},
        pages = {791-851},
          doi = {10.1111/j.1365-2966.2009.15715.x},
archivePrefix = {arXiv},
       eprint = {0901.4107},
 primaryClass = {astro-ph.CO},
       adsurl = {https://ui.adsabs.harvard.edu/\#abs/2010MNRAS.401..791S},
      adsnote = {Provided by the SAO/NASA Astrophysics Data System}
}

@ARTICLE{pakmor11,
       author = {{Pakmor}, Ruediger and {Bauer}, Andreas and {Springel}, Volker},
        title = "{Magnetohydrodynamics on an unstructured moving grid}",
      journal = {\mnras},
     keywords = {MHD, turbulence, methods: numerical, stars: formation, Astrophysics - Instrumentation and Methods for Astrophysics},
         year = 2011,
        month = Dec,
       volume = {418},
        pages = {1392-1401},
          doi = {10.1111/j.1365-2966.2011.19591.x},
archivePrefix = {arXiv},
       eprint = {1108.1792},
 primaryClass = {astro-ph.IM},
       adsurl = {https://ui.adsabs.harvard.edu/\#abs/2011MNRAS.418.1392P},
      adsnote = {Provided by the SAO/NASA Astrophysics Data System}
}

@ARTICLE{pakmor13,
   author = {{Pakmor}, R. and {Springel}, V.},
    title = "{Simulations of magnetic fields in isolated disc galaxies}",
  journal = {\mnras},
archivePrefix = "arXiv",
   eprint = {1212.1452},
 primaryClass = "astro-ph.CO",
 keywords = {MHD, methods: numerical, galaxies: formation},
     year = 2013,
    month = jun,
   volume = 432,
    pages = {176-193},
      doi = {10.1093/mnras/stt428},
   adsurl = {http://adsabs.harvard.edu/abs/2013MNRAS.432..176P},
  adsnote = {Provided by the SAO/NASA Astrophysics Data System}
}

@ARTICLE{weinberger17,
   author = {{Weinberger}, R. and {Springel}, V. and {Hernquist}, L. and 
	{Pillepich}, A. and {Marinacci}, F. and {Pakmor}, R. and {Nelson}, D. and 
	{Genel}, S. and {Vogelsberger}, M. and {Naiman}, J. and {Torrey}, P.
	},
    title = "{Simulating galaxy formation with black hole driven thermal and kinetic feedback}",
  journal = {\mnras},
archivePrefix = "arXiv",
   eprint = {1607.03486},
 keywords = {black hole physics, methods: numerical, galaxies: clusters: general, galaxies: evolution, galaxies: formation, cosmology: theory},
     year = 2017,
    month = mar,
   volume = 465,
    pages = {3291-3308},
      doi = {10.1093/mnras/stw2944},
   adsurl = {http://adsabs.harvard.edu/abs/2017MNRAS.465.3291W},
  adsnote = {Provided by the SAO/NASA Astrophysics Data System}
}

@ARTICLE{pillepich18a,
   author = {{Pillepich}, A. and {Springel}, V. and {Nelson}, D. and {Genel}, S. and 
	{Naiman}, J. and {Pakmor}, R. and {Hernquist}, L. and {Torrey}, P. and 
	{Vogelsberger}, M. and {Weinberger}, R. and {Marinacci}, F.},
    title = "{Simulating galaxy formation with the IllustrisTNG model}",
  journal = {\mnras},
archivePrefix = "arXiv",
   eprint = {1703.02970},
 keywords = {methods: numerical, galaxies: evolution, galaxies: formation},
     year = 2018,
    month = jan,
   volume = 473,
    pages = {4077-4106},
      doi = {10.1093/mnras/stx2656},
   adsurl = {http://adsabs.harvard.edu/abs/2018MNRAS.473.4077P},
  adsnote = {Provided by the SAO/NASA Astrophysics Data System}
}

@ARTICLE{davis85,
   author = {{Davis}, M. and {Efstathiou}, G. and {Frenk}, C.~S. and {White}, S.~D.~M.
	},
    title = "{The evolution of large-scale structure in a universe dominated by cold dark matter}",
  journal = {\apj},
 keywords = {Computational Astrophysics, Cosmology, Galactic Clusters, Galactic Evolution, Missing Mass (Astrophysics), Weak Interactions (Field Theory), Astronomical Models, Computerized Simulation, Correlation, Many Body Problem, Mass Distribution, Mass To Light Ratios, Matter (Physics), Radial Velocity, Red Shift},
     year = 1985,
    month = may,
   volume = 292,
    pages = {371-394},
      doi = {10.1086/163168},
   adsurl = {http://adsabs.harvard.edu/abs/1985ApJ...292..371D},
  adsnote = {Provided by the SAO/NASA Astrophysics Data System}
}

@ARTICLE{springel01,
   author = {{Springel}, V. and {White}, S.~D.~M. and {Tormen}, G. and {Kauffmann}, G.
	},
    title = "{Populating a cluster of galaxies - I. Results at [formmu2]z=0}",
  journal = {\mnras},
   eprint = {astro-ph/0012055},
 keywords = {GALAXIES: CLUSTERS: GENERAL, GALAXIES: FORMATION, DARK MATTER},
     year = 2001,
    month = dec,
   volume = 328,
    pages = {726-750},
      doi = {10.1046/j.1365-8711.2001.04912.x},
   adsurl = {http://adsabs.harvard.edu/abs/2001MNRAS.328..726S},
  adsnote = {Provided by the SAO/NASA Astrophysics Data System}
}

@ARTICLE{pillepich2019,
       author = {{Pillepich}, Annalisa and {Nelson}, Dylan and {Springel}, Volker and
         {Pakmor}, Ruediger and {Torrey}, Paul and {Weinberger}, Rainer and
         {Vogelsberger}, Mark and {Marinacci}, Federico and {Genel}, Shy and
         {van der Wel}, Arjen and {Hernquist}, Lars},
        title = "{First Results from the TNG50 Simulation: The evolution of stellar and gaseous disks across cosmic time}",
      journal = {arXiv e-prints},
     keywords = {Astrophysics - Astrophysics of Galaxies, Astrophysics - Cosmology and Nongalactic Astrophysics},
         year = "2019",
        month = "Feb",
          eid = {arXiv:1902.05553},
        pages = {arXiv:1902.05553},
archivePrefix = {arXiv},
       eprint = {1902.05553},
 primaryClass = {astro-ph.GA},
       adsurl = {https://ui.adsabs.harvard.edu/abs/2019arXiv190205553P},
      adsnote = {Provided by the SAO/NASA Astrophysics Data System}
}

@ARTICLE{chisari+17,
       author = {{Chisari}, N.~E. and {Koukoufilippas}, N. and {Jindal}, A. and
         {Peirani}, S. and {Beckmann}, R.~S. and {Codis}, S. and
         {Devriendt}, J. and {Miller}, L. and {Dubois}, Y. and {Laigle}, C. and
         {Slyz}, A. and {Pichon}, C.},
        title = "{Galaxy-halo alignments in the Horizon-AGN cosmological hydrodynamical simulation}",
      journal = {\mnras},
     keywords = {gravitational lensing: weak, methods: numerical, large-scale structure of Universe, cosmology: theory, Astrophysics - Cosmology and Nongalactic Astrophysics},
         year = "2017",
        month = "Nov",
       volume = {472},
       number = {1},
        pages = {1163-1181},
          doi = {10.1093/mnras/stx1998},
archivePrefix = {arXiv},
       eprint = {1702.03913},
 primaryClass = {astro-ph.CO},
       adsurl = {https://ui.adsabs.harvard.edu/abs/2017MNRAS.472.1163C},
      adsnote = {Provided by the SAO/NASA Astrophysics Data System}
}

@ARTICLE{starkenburg+19,
       author = {{Starkenburg}, Tjitske K. and {Sales}, Laura. V. and {Genel}, Shy and
         {Manzano-King}, Christina and {Canalizo}, Gabriela and
         {Hernquist}, Lars},
        title = "{On the Origin of Star─Gas Counterrotation in Low-mass Galaxies}",
      journal = {\apj},
     keywords = {galaxies: dwarf, galaxies: evolution, galaxies: kinematics and dynamics, galaxies: structure, Astrophysics - Astrophysics of Galaxies},
         year = "2019",
        month = "Jun",
       volume = {878},
       number = {2},
          eid = {143},
        pages = {143},
          doi = {10.3847/1538-4357/ab2128},
archivePrefix = {arXiv},
       eprint = {1903.03627},
 primaryClass = {astro-ph.GA},
       adsurl = {https://ui.adsabs.harvard.edu/abs/2019ApJ...878..143S},
      adsnote = {Provided by the SAO/NASA Astrophysics Data System}
}

@ARTICLE{genel2015,
       author = {{Genel}, Shy and {Fall}, S. Michael and {Hernquist}, Lars and
         {Vogelsberger}, Mark and {Snyder}, Gregory F. and
         {Rodriguez-Gomez}, Vicente and {Sijacki}, Debora and {Springel}, Volker},
        title = "{Galactic Angular Momentum in the Illustris Simulation: Feedback and the Hubble Sequence}",
      journal = {\apjl},
     keywords = {galaxies: formation, galaxies: fundamental parameters, galaxies: kinematics and dynamics, galaxies: structure, hydrodynamics, methods: numerical, Astrophysics - Astrophysics of Galaxies, Astrophysics - Cosmology and Nongalactic Astrophysics},
         year = "2015",
        month = "May",
       volume = {804},
       number = {2},
          eid = {L40},
        pages = {L40},
          doi = {10.1088/2041-8205/804/2/L40},
archivePrefix = {arXiv},
       eprint = {1503.01117},
 primaryClass = {astro-ph.GA},
       adsurl = {https://ui.adsabs.harvard.edu/abs/2015ApJ...804L..40G},
      adsnote = {Provided by the SAO/NASA Astrophysics Data System}
}

@ARTICLE{DeFelippis2017,
       author = {{DeFelippis}, Daniel and {Genel}, Shy and {Bryan}, Greg L. and
         {Fall}, S. Michael},
        title = "{The Impact of Galactic Winds on the Angular Momentum of Disk Galaxies in the Illustris Simulation}",
      journal = {\apj},
     keywords = {galaxies: formation, galaxies: fundamental parameters, galaxies: kinematics and dynamics, galaxies: structure, hydrodynamics, methods: numerical, Astrophysics - Astrophysics of Galaxies},
         year = "2017",
        month = "May",
       volume = {841},
       number = {1},
          eid = {16},
        pages = {16},
          doi = {10.3847/1538-4357/aa6dfc},
archivePrefix = {arXiv},
       eprint = {1703.03806},
 primaryClass = {astro-ph.GA},
       adsurl = {https://ui.adsabs.harvard.edu/abs/2017ApJ...841...16D},
      adsnote = {Provided by the SAO/NASA Astrophysics Data System}
}

@ARTICLE{fall1980,
       author = {{Fall}, S.~M. and {Efstathiou}, G.},
        title = "{Formation and rotation of disc galaxies with haloes.}",
      journal = {\mnras},
     keywords = {Disk Galaxies, Galactic Evolution, Galactic Rotation, Galactic Structure, Halos, Angular Momentum, Astronomical Models, Interstellar Gas, Mass Ratios, Astrophysics},
         year = "1980",
        month = "Oct",
       volume = {193},
        pages = {189-206},
          doi = {10.1093/mnras/193.2.189},
       adsurl = {https://ui.adsabs.harvard.edu/abs/1980MNRAS.193..189F},
      adsnote = {Provided by the SAO/NASA Astrophysics Data System}
}

@INPROCEEDINGS{hoyle1951,
       author = {{Hoyle}, F.},
        title = "{The Origin of the Rotations of the Galaxies}",
    booktitle = {Problems of Cosmical Aerodynamics},
         year = "1951",
        month = "Jan",
        pages = {195},
       adsurl = {https://ui.adsabs.harvard.edu/abs/1951pca..conf..195H},
      adsnote = {Provided by the SAO/NASA Astrophysics Data System}
}

@ARTICLE{scannapieco2009,
       author = {{Scannapieco}, Cecilia and {White}, Simon D.~M. and {Springel}, Volker and
         {Tissera}, Patricia B.},
        title = "{The formation and survival of discs in a {\ensuremath{\Lambda}}CDM universe}",
      journal = {\mnras},
     keywords = {methods: numerical, galaxies: formation, cosmology: theory, Astrophysics},
         year = "2009",
        month = "Jun",
       volume = {396},
       number = {2},
        pages = {696-708},
          doi = {10.1111/j.1365-2966.2009.14764.x},
archivePrefix = {arXiv},
       eprint = {0812.0976},
 primaryClass = {astro-ph},
       adsurl = {https://ui.adsabs.harvard.edu/abs/2009MNRAS.396..696S},
      adsnote = {Provided by the SAO/NASA Astrophysics Data System}
}

@ARTICLE{zavala2008,
       author = {{Zavala}, Jesus and {Okamoto}, Takashi and {Frenk}, Carlos S.},
        title = "{Bulges versus discs: the evolution of angular momentum in cosmological simulations of galaxy formation}",
      journal = {\mnras},
     keywords = {methods: numerical, galaxies: evolution, galaxies: formation, Astrophysics},
         year = "2008",
        month = "Jun",
       volume = {387},
       number = {1},
        pages = {364-370},
          doi = {10.1111/j.1365-2966.2008.13243.x},
archivePrefix = {arXiv},
       eprint = {0710.2901},
 primaryClass = {astro-ph},
       adsurl = {https://ui.adsabs.harvard.edu/abs/2008MNRAS.387..364Z},
      adsnote = {Provided by the SAO/NASA Astrophysics Data System}
}

@ARTICLE{emsellem2007,
       author = {{Emsellem}, Eric and {Cappellari}, Michele and {Krajnovi{\'c}}, Davor and
         {van de Ven}, Glenn and {Bacon}, R. and {Bureau}, M. and
         {Davies}, Roger L. and {de Zeeuw}, P.~T. and
         {Falc{\'o}n-Barroso}, Jes{\'u}s and {Kuntschner}, Harald and
         {McDermid}, Richard and {Peletier}, Reynier F. and {Sarzi}, Marc},
        title = "{The SAURON project - IX. A kinematic classification for early-type galaxies}",
      journal = {\mnras},
     keywords = {galaxies: elliptical and lenticular, cD, galaxies: evolution, galaxies: formation, galaxies: kinematics and dynamics, galaxies: structure, Astrophysics},
         year = "2007",
        month = "Aug",
       volume = {379},
       number = {2},
        pages = {401-417},
          doi = {10.1111/j.1365-2966.2007.11752.x},
archivePrefix = {arXiv},
       eprint = {astro-ph/0703531},
 primaryClass = {astro-ph},
       adsurl = {https://ui.adsabs.harvard.edu/abs/2007MNRAS.379..401E},
      adsnote = {Provided by the SAO/NASA Astrophysics Data System}
}

@ARTICLE{sauron,
       author = {{Bacon}, R. and {Copin}, Y. and {Monnet}, G. and {Miller}, Bryan W. and
         {Allington-Smith}, J.~R. and {Bureau}, M. and {Carollo}, C.~M. and
         {Davies}, Roger L. and {Emsellem}, Eric and {Kuntschner}, Harald and
         {Peletier}, Reynier F. and {Verolme}, E.~K. and {de Zeeuw}, P. Tim},
        title = "{The SAURON project - I. The panoramic integral-field spectrograph}",
      journal = {\mnras},
     keywords = {INSTRUMENTATION: SPECTROGRAPHS, GALAXIES: ELLIPTICAL AND LENTICULAR, CD, GALAXIES: INDIVIDUAL: NGC 3377, GALAXIES: KINEMATICS AND DYNAMICS, GALAXIES: SPIRAL, GALAXIES: STELLAR CONTENT, Astrophysics},
         year = "2001",
        month = "Sep",
       volume = {326},
       number = {1},
        pages = {23-35},
          doi = {10.1046/j.1365-8711.2001.04612.x},
archivePrefix = {arXiv},
       eprint = {astro-ph/0103451},
 primaryClass = {astro-ph},
       adsurl = {https://ui.adsabs.harvard.edu/abs/2001MNRAS.326...23B},
      adsnote = {Provided by the SAO/NASA Astrophysics Data System}
}

@ARTICLE{atlas3d,
       author = {{Cappellari}, Michele and {Emsellem}, Eric and {Krajnovi{\'c}}, Davor and
         {McDermid}, Richard M. and {Scott}, Nicholas and
         {Verdoes Kleijn}, G.~A. and {Young}, Lisa M. and {Alatalo}, Katherine and
         {Bacon}, R. and {Blitz}, Leo and {Bois}, Maxime and
         {Bournaud}, Fr{\'e}d{\'e}ric and {Bureau}, M. and {Davies}, Roger L. and
         {Davis}, Timothy A. and {de Zeeuw}, P.~T. and {Duc}, Pierre-Alain and
         {Khochfar}, Sadegh and {Kuntschner}, Harald and
         {Lablanche}, Pierre-Yves and {Morganti}, Raffaella and
         {Naab}, Thorsten and {Oosterloo}, Tom and {Sarzi}, Marc and
         {Serra}, Paolo and {Weijmans}, Anne-Marie},
        title = "{The ATLAS$^{3D}$ project - I. A volume-limited sample of 260 nearby early-type galaxies: science goals and selection criteria}",
      journal = {\mnras},
     keywords = {galaxies: distances and redshifts, galaxies: elliptical and lenticular, cD, galaxies: evolution, galaxies: formation, galaxies: kinematics and dynamics, galaxies: structure, Astrophysics - Cosmology and Nongalactic Astrophysics},
         year = "2011",
        month = "May",
       volume = {413},
       number = {2},
        pages = {813-836},
          doi = {10.1111/j.1365-2966.2010.18174.x},
archivePrefix = {arXiv},
       eprint = {1012.1551},
 primaryClass = {astro-ph.CO},
       adsurl = {https://ui.adsabs.harvard.edu/abs/2011MNRAS.413..813C},
      adsnote = {Provided by the SAO/NASA Astrophysics Data System}
}

@ARTICLE{emsellem2011,
       author = {{Emsellem}, Eric and {Cappellari}, Michele and {Krajnovi{\'c}}, Davor and
         {Alatalo}, Katherine and {Blitz}, Leo and {Bois}, Maxime and
         {Bournaud}, Fr{\'e}d{\'e}ric and {Bureau}, Martin and
         {Davies}, Roger L. and {Davis}, Timothy A. and {de Zeeuw}, P.~T. and
         {Khochfar}, Sadegh and {Kuntschner}, Harald and
         {Lablanche}, Pierre-Yves and {McDermid}, Richard M. and
         {Morganti}, Raffaella and {Naab}, Thorsten and {Oosterloo}, Tom and
         {Sarzi}, Marc and {Scott}, Nicholas and {Serra}, Paolo and
         {van de Ven}, Glenn and {Weijmans}, Anne-Marie and {Young}, Lisa M.},
        title = "{The ATLAS$^{3D}$ project - III. A census of the stellar angular momentum within the effective radius of early-type galaxies: unveiling the distribution of fast and slow rotators}",
      journal = {\mnras},
     keywords = {galaxies: elliptical and lenticular, cD, galaxies: evolution, galaxies: formation, galaxies: kinematics and dynamics, galaxies: structure, Astrophysics - Cosmology and Nongalactic Astrophysics},
         year = "2011",
        month = "Jun",
       volume = {414},
       number = {2},
        pages = {888-912},
          doi = {10.1111/j.1365-2966.2011.18496.x},
archivePrefix = {arXiv},
       eprint = {1102.4444},
 primaryClass = {astro-ph.CO},
       adsurl = {https://ui.adsabs.harvard.edu/abs/2011MNRAS.414..888E},
      adsnote = {Provided by the SAO/NASA Astrophysics Data System}
}

@ARTICLE{arnold2014,
       author = {{Arnold}, Jacob A. and {Romanowsky}, Aaron J. and {Brodie}, Jean P. and
         {Forbes}, Duncan A. and {Strader}, Jay and {Spitler}, Lee R. and
         {Foster}, Caroline and {Blom}, Christina and {Kartha}, Sreeja S. and
         {Pastorello}, Nicola and {Pota}, Vincenzo and {Usher}, Christopher and
         {Woodley}, Kristin A.},
        title = "{The SLUGGS Survey: Wide-field Stellar Kinematics of Early-type Galaxies}",
      journal = {\apj},
     keywords = {galaxies: elliptical and lenticular, cD, galaxies: formation, galaxies: halos, galaxies: kinematics and dynamics, galaxies: structure, Astrophysics - Cosmology and Nongalactic Astrophysics},
         year = "2014",
        month = "Aug",
       volume = {791},
       number = {2},
          eid = {80},
        pages = {80},
          doi = {10.1088/0004-637X/791/2/80},
archivePrefix = {arXiv},
       eprint = {1310.2607},
 primaryClass = {astro-ph.CO},
       adsurl = {https://ui.adsabs.harvard.edu/abs/2014ApJ...791...80A},
      adsnote = {Provided by the SAO/NASA Astrophysics Data System}
}

@ARTICLE{foster2013,
       author = {{Foster}, Caroline and {Arnold}, Jacob A. and {Forbes}, Duncan A. and
         {Pastorello}, Nicola and {Romanowsky}, Aaron J. and {Spitler}, Lee R. and
         {Strader}, Jay and {Brodie}, Jean P.},
        title = "{The SLUGGS survey: outer triaxiality of the fast rotator elliptical NGC 4473}",
      journal = {\mnras},
     keywords = {galaxies: haloes, galaxies: individual: (NGC 4473), galaxies: kinematics and dynamics, galaxies: structure, Astrophysics - Cosmology and Nongalactic Astrophysics},
         year = "2013",
        month = "Nov",
       volume = {435},
       number = {4},
        pages = {3587-3591},
          doi = {10.1093/mnras/stt1550},
archivePrefix = {arXiv},
       eprint = {1308.3531},
 primaryClass = {astro-ph.CO},
       adsurl = {https://ui.adsabs.harvard.edu/abs/2013MNRAS.435.3587F},
      adsnote = {Provided by the SAO/NASA Astrophysics Data System}
}

@ARTICLE{duckworth2019a,
       author = {{Duckworth}, Christopher and {Tojeiro}, Rita and {Kraljic}, Katarina and
         {Sgr{\'o}}, Mario A. and {Wild}, Vivienne and {Weijmans}, Anne-Marie and
         {Lacerna}, Ivan and {Drory}, Niv},
        title = "{SDSS-IV MaNGA: signatures of halo assembly in kinematically misaligned galaxies}",
      journal = {\mnras},
     keywords = {galaxies: evolution, galaxies: haloes, galaxies: kinematics and dynamics, dark matter, large-scale structure of Universe, Astrophysics - Astrophysics of Galaxies},
         year = "2019",
        month = "Feb",
       volume = {483},
       number = {1},
        pages = {172-188},
          doi = {10.1093/mnras/sty3101},
archivePrefix = {arXiv},
       eprint = {1811.06408},
 primaryClass = {astro-ph.GA},
       adsurl = {https://ui.adsabs.harvard.edu/abs/2019MNRAS.483..172D},
      adsnote = {Provided by the SAO/NASA Astrophysics Data System}
}

@article{davis2016,
author = {Davis, Timothy A. and Bureau, Martin},
title = {On the depletion and accretion time-scales of cold gas in local early-type galaxies},
journal = {\mnras},
volume = {457},
number = {1},
pages = {272-280},
year = {2016},
doi = {10.1093/mnras/stv2998},
URL = { + http://dx.doi.org/10.1093/mnras/stv2998},
eprint = {/oup/backfile/content_public/journal/mnras/457/1/10.1093_mnras_stv2998/2/stv2998.pdf}
}

@ARTICLE{davis2011,
   author = {{Davis}, T.~A. and {Alatalo}, K. and {Sarzi}, M. and {Bureau}, M. and 
	{Young}, L.~M. and {Blitz}, L. and {Serra}, P. and {Crocker}, A.~F. and 
	{Krajnovi{\'c}}, D. and {McDermid}, R.~M. and {Bois}, M. and 
	{Bournaud}, F. and {Cappellari}, M. and {Davies}, R.~L. and 
	{Duc}, P.-A. and {de Zeeuw}, P.~T. and {Emsellem}, E. and {Khochfar}, S. and 
	{Kuntschner}, H. and {Lablanche}, P.-Y. and {Morganti}, R. and 
	{Naab}, T. and {Oosterloo}, T. and {Scott}, N. and {Weijmans}, A.-M.
	},
    title = "{The ATLAS$^{3D}$ project - X. On the origin of the molecular and ionized gas in early-type galaxies}",
  journal = {\mnras},
archivePrefix = "arXiv",
   eprint = {1107.0002},
 primaryClass = "astro-ph.CO",
 keywords = {stars: mass-loss, ISM: evolution, ISM: molecules, galaxies: elliptical and lenticular, cD, galaxies: evolution, galaxies: ISM},
     year = 2011,
    month = oct,
   volume = 417,
    pages = {882-899},
      doi = {10.1111/j.1365-2966.2011.19355.x},
   adsurl = {http://adsabs.harvard.edu/abs/2011MNRAS.417..882D},
  adsnote = {Provided by the SAO/NASA Astrophysics Data System}
}

@ARTICLE{lagos2015,
       author = {{Lagos}, Claudia del P. and {Padilla}, Nelson D. and
         {Davis}, Timothy A. and {Lacey}, Cedric G. and {Baugh}, Carlton M. and
         {Gonzalez-Perez}, Violeta and {Zwaan}, Martin A. and
         {Contreras}, Sergio},
        title = "{The origin of the atomic and molecular gas contents of early-type galaxies - II. Misaligned gas accretion}",
      journal = {\mnras},
     keywords = {galaxies: elliptical and lenticular, cD, galaxies: evolution, galaxies: formation, galaxies: ISM, galaxies: kinematics and dynamics, Astrophysics - Astrophysics of Galaxies},
         year = "2015",
        month = "Apr",
       volume = {448},
       number = {2},
        pages = {1271-1287},
          doi = {10.1093/mnras/stu2763},
archivePrefix = {arXiv},
       eprint = {1410.5437},
 primaryClass = {astro-ph.GA},
       adsurl = {https://ui.adsabs.harvard.edu/abs/2015MNRAS.448.1271L},
      adsnote = {Provided by the SAO/NASA Astrophysics Data System}
}

@ARTICLE{davis2011molecular,
       author = {{Davis}, Timothy A. and {Alatalo}, Katherine and {Bureau}, Martin and
         {Cappellari}, Michele and {Scott}, Nicholas and {Young}, Lisa M. and
         {Blitz}, Leo and {Crocker}, Alison and {Bayet}, Estelle and
         {Bois}, Maxime and {Bournaud}, Fr{\'e}d{\'e}ric and {Davies}, Roger L. and
         {de Zeeuw}, P.~T. and {Duc}, Pierre-Alain and {Emsellem}, Eric and
         {Khochfar}, Sadegh and {Krajnovi{\'c}}, Davor and {Kuntschner}, Harald and
         {Lablanche}, Pierre-Yves and {McDermid}, Richard M. and
         {Morganti}, Raffaella and {Naab}, Thorsten and {Oosterloo}, Tom and
         {Sarzi}, Marc and {Serra}, Paolo and {Weijmans}, Anne-Marie},
        title = "{The ATLAS$^{3D}$ Project - XIV. The extent and kinematics of the molecular gas in early-type galaxies}",
      journal = {\mnras},
     keywords = {ISM: evolution, ISM: kinematics and dynamics, ISM: molecules, galaxies: elliptical and lenticular, cD, galaxies: evolution, galaxies: ISM, Astrophysics - Cosmology and Nongalactic Astrophysics},
         year = "2013",
        month = "Feb",
       volume = {429},
       number = {1},
        pages = {534-555},
          doi = {10.1093/mnras/sts353},
archivePrefix = {arXiv},
       eprint = {1211.1011},
 primaryClass = {astro-ph.CO},
       adsurl = {https://ui.adsabs.harvard.edu/abs/2013MNRAS.429..534D},
      adsnote = {Provided by the SAO/NASA Astrophysics Data System}
}

@ARTICLE{genel2018,
       author = {{Genel}, Shy and {Nelson}, Dylan and {Pillepich}, Annalisa and
         {Springel}, Volker and {Pakmor}, R{\"u}diger and {Weinberger}, Rainer and
         {Hernquist}, Lars and {Naiman}, Jill and {Vogelsberger}, Mark and
         {Marinacci}, Federico and {Torrey}, Paul},
        title = "{The size evolution of star-forming and quenched galaxies in the IllustrisTNG simulation}",
      journal = {\mnras},
     keywords = {methods: numerical, galaxies: evolution, galaxies: formation, galaxies: structure, cosmology: theory, Astrophysics - Astrophysics of Galaxies},
         year = "2018",
        month = "Mar",
       volume = {474},
       number = {3},
        pages = {3976-3996},
          doi = {10.1093/mnras/stx3078},
archivePrefix = {arXiv},
       eprint = {1707.05327},
 primaryClass = {astro-ph.GA},
       adsurl = {https://ui.adsabs.harvard.edu/abs/2018MNRAS.474.3976G},
      adsnote = {Provided by the SAO/NASA Astrophysics Data System}
}

@ARTICLE{conroy2009,
   author = {{Conroy}, C. and {Gunn}, J.~E. and {White}, M.},
    title = "{The Propagation of Uncertainties in Stellar Population Synthesis Modeling. I. The Relevance of Uncertain Aspects of Stellar Evolution and the Initial Mass Function to the Derived Physical Properties of Galaxies}",
  journal = {\apj},
archivePrefix = "arXiv",
   eprint = {0809.4261},
 keywords = {galaxies: evolution, galaxies: stellar content, stars: evolution},
     year = 2009,
    month = jul,
   volume = 699,
    pages = {486-506},
      doi = {10.1088/0004-637X/699/1/486},
   adsurl = {https://ui.adsabs.harvard.edu/abs/2009ApJ...699..486C},
  adsnote = {Provided by the SAO/NASA Astrophysics Data System}
}

@ARTICLE{conroy2010,
   author = {{Conroy}, C. and {Gunn}, J.~E.},
    title = "{The Propagation of Uncertainties in Stellar Population Synthesis Modeling. III. Model Calibration, Comparison, and Evaluation}",
  journal = {\apj},
archivePrefix = "arXiv",
   eprint = {0911.3151},
 keywords = {galaxies: evolution, galaxies: stellar content, stars: evolution},
     year = 2010,
    month = apr,
   volume = 712,
    pages = {833-857},
      doi = {10.1088/0004-637X/712/2/833},
   adsurl = {https://ui.adsabs.harvard.edu/abs/2010ApJ...712..833C},
  adsnote = {Provided by the SAO/NASA Astrophysics Data System}
}

@misc{foreman_mackey2014,
  author       = {Dan Foreman-Mackey and
                  Jonathan Sick and
                  Ben Johnson},
  title        = {python-fsps: Python bindings to FSPS (v0.1.1)},
  month        = oct,
  year         = 2014,
  doi          = {10.5281/zenodo.12157},
  url          = {https://doi.org/10.5281/zenodo.12157}
}

@ARTICLE{barrera2018,
       author = {{Barrera-Ballesteros}, J.~K. and {Heckman}, T. and {S{\'a}nchez}, S.~F. and
         {Zakamska}, N.~L. and {Cleary}, J. and {Zhu}, G. and {Brinkmann}, J. and
         {Drory}, N. and {THE MaNGA TEAM}},
        title = "{SDSS-IV MaNGA: What Shapes the Distribution of Metals in Galaxies? Exploring the Roles of the Local Gas Fraction and Escape Velocity}",
      journal = {\apj},
     keywords = {galaxies: abundances, galaxies: evolution, galaxies: kinematics and dynamics, galaxies: statistics, surveys, techniques: imaging spectroscopy, Astrophysics - Astrophysics of Galaxies},
         year = "2018",
        month = "Jan",
       volume = {852},
       number = {2},
          eid = {74},
        pages = {74},
          doi = {10.3847/1538-4357/aa9b31},
archivePrefix = {arXiv},
       eprint = {1711.10492},
 primaryClass = {astro-ph.GA},
       adsurl = {https://ui.adsabs.harvard.edu/abs/2018ApJ...852...74B},
      adsnote = {Provided by the SAO/NASA Astrophysics Data System}
}

@ARTICLE{barrera2015,
       author = {{Barrera-Ballesteros}, J.~K. and {Garc{\'\i}a-Lorenzo}, B. and
         {Falc{\'o}n-Barroso}, J. and {van de Ven}, G. and {Lyubenova}, M. and
         {Wild}, V. and {M{\'e}ndez-Abreu}, J. and {S{\'a}nchez}, S.~F. and
         {Marquez}, I. and {Masegosa}, J. and {Monreal-Ibero}, A. and
         {Ziegler}, B. and {del Olmo}, A. and {Verdes-Montenegro}, L. and
         {Garc{\'\i}a-Benito}, R. and {Husemann}, B. and {Mast}, D. and
         {Kehrig}, C. and {Iglesias-Paramo}, J. and {Marino}, R.~A. and
         {Aguerri}, J.~A.~L. and {Walcher}, C.~J. and {V{\'\i}lchez}, J.~M. and
         {Bomans}, D.~J. and {Cortijo-Ferrero}, C. and
         {Gonz{\'a}lez Delgado}, R.~M. and {Bland-Hawthorn}, J. and
         {McIntosh}, D.~H. and {Bekerait{\.{e}}}, S.},
        title = "{Tracing kinematic (mis)alignments in CALIFA merging galaxies. Stellar and ionized gas kinematic orientations at every merger stage}",
      journal = {\aap},
     keywords = {galaxies: evolution, galaxies: interactions, galaxies: kinematics and dynamics, galaxies: statistics, Astrophysics - Astrophysics of Galaxies},
         year = "2015",
        month = "Oct",
       volume = {582},
          eid = {A21},
        pages = {A21},
          doi = {10.1051/0004-6361/201424935},
archivePrefix = {arXiv},
       eprint = {1506.03819},
 primaryClass = {astro-ph.GA},
       adsurl = {https://ui.adsabs.harvard.edu/abs/2015A&A...582A..21B},
      adsnote = {Provided by the SAO/NASA Astrophysics Data System}
}

@ARTICLE{codis2015,
       author = {{Codis}, Sandrine and {Pichon}, Christophe and {Pogosyan}, Dmitry},
        title = "{Spin alignments within the cosmic web: a theory of constrained tidal torques near filaments}",
      journal = {\mnras},
     keywords = {galaxies: evolution, galaxies: formation, galaxies: kinematics and dynamics, cosmology: theory, large-scale structure of Universe, Astrophysics - Cosmology and Nongalactic Astrophysics},
         year = "2015",
        month = "Oct",
       volume = {452},
       number = {4},
        pages = {3369-3393},
          doi = {10.1093/mnras/stv1570},
archivePrefix = {arXiv},
       eprint = {1504.06073},
 primaryClass = {astro-ph.CO},
       adsurl = {https://ui.adsabs.harvard.edu/abs/2015MNRAS.452.3369C},
      adsnote = {Provided by the SAO/NASA Astrophysics Data System}
}

@ARTICLE{laigle2015,
       author = {{Laigle}, C. and {Pichon}, C. and {Codis}, S. and {Dubois}, Y. and
         {Le Borgne}, D. and {Pogosyan}, D. and {Devriendt}, J. and
         {Peirani}, S. and {Prunet}, S. and {Rouberol}, S. and {Slyz}, A. and
         {Sousbie}, T.},
        title = "{Swirling around filaments: are large-scale structure vortices spinning up dark haloes?}",
      journal = {\mnras},
     keywords = {methods: numerical, galaxies: formation, galaxies: haloes, large-scale structure of Universe, Astrophysics - Cosmology and Nongalactic Astrophysics},
         year = "2015",
        month = "Jan",
       volume = {446},
       number = {3},
        pages = {2744-2759},
          doi = {10.1093/mnras/stu2289},
archivePrefix = {arXiv},
       eprint = {1310.3801},
 primaryClass = {astro-ph.CO},
       adsurl = {https://ui.adsabs.harvard.edu/abs/2015MNRAS.446.2744L},
      adsnote = {Provided by the SAO/NASA Astrophysics Data System}
}

@ARTICLE{blanton2011,
   author = {{Blanton}, M.~R. and {Kazin}, E. and {Muna}, D. and {Weaver}, B.~A. and 
	{Price-Whelan}, A.},
    title = "{Improved Background Subtraction for the Sloan Digital Sky Survey Images}",
  journal = {\aj},
archivePrefix = "arXiv",
   eprint = {1105.1960},
 primaryClass = "astro-ph.IM",
 keywords = {atmospheric effects, galaxies: photometry, methods: data analysis, techniques: image processing},
     year = 2011,
    month = jul,
   volume = 142,
      eid = {31},
    pages = {31},
      doi = {10.1088/0004-6256/142/1/31},
   adsurl = {https://ui.adsabs.harvard.edu/abs/2011AJ....142...31B},
  adsnote = {Provided by the SAO/NASA Astrophysics Data System}
}

@ARTICLE{nelson2019,
       author = {{Nelson}, Dylan and {Springel}, Volker and {Pillepich}, Annalisa and
         {Rodriguez-Gomez}, Vicente and {Torrey}, Paul and {Genel}, Shy and
         {Vogelsberger}, Mark and {Pakmor}, Ruediger and {Marinacci}, Federico and
         {Weinberger}, Rainer and {Kelley}, Luke and {Lovell}, Mark and
         {Diemer}, Benedikt and {Hernquist}, Lars},
        title = "{The IllustrisTNG simulations: public data release}",
      journal = {Computational Astrophysics and Cosmology},
     keywords = {Methods: data analysis, Methods: numerical, Galaxies: formation, Galaxies: evolution, Data management systems, Data access methods, Distributed architectures, Astrophysics - Astrophysics of Galaxies, Astrophysics - Cosmology and Nongalactic Astrophysics, Astrophysics - Instrumentation and Methods for Astrophysics},
         year = "2019",
        month = "May",
       volume = {6},
       number = {1},
          eid = {2},
        pages = {2},
          doi = {10.1186/s40668-019-0028-x},
archivePrefix = {arXiv},
       eprint = {1812.05609},
 primaryClass = {astro-ph.GA},
       adsurl = {https://ui.adsabs.harvard.edu/abs/2019ComAC...6....2N},
      adsnote = {Provided by the SAO/NASA Astrophysics Data System}
}

@ARTICLE{stark2018,
       author = {{Stark}, David V. and {Bundy}, Kevin A. and {Westfall}, Kyle and
         {Bershady}, Matt and {Weijmans}, Anne-Marie and {Masters}, Karen L. and
         {Kruk}, Sandor and {Brinchmann}, Jarle and {Soler}, Juan and
         {Abraham}, Roberto and {Cheung}, Edmond and {Bizyaev}, Dmitry and
         {Drory}, Niv and {Lopes}, Alexandre Roman and {Law}, David R.},
        title = "{SDSS-IV MaNGA: characterizing non-axisymmetric motions in galaxy velocity fields using the Radon transform}",
      journal = {\mnras},
     keywords = {methods: data analysis, galaxies: kinematics and dynamics, Astrophysics - Astrophysics of Galaxies, Astrophysics - Instrumentation and Methods for Astrophysics},
         year = "2018",
        month = "Oct",
       volume = {480},
       number = {2},
        pages = {2217-2235},
          doi = {10.1093/mnras/sty1991},
archivePrefix = {arXiv},
       eprint = {1807.11503},
 primaryClass = {astro-ph.GA},
       adsurl = {https://ui.adsabs.harvard.edu/abs/2018MNRAS.480.2217S},
      adsnote = {Provided by the SAO/NASA Astrophysics Data System}
}

@ARTICLE{duckworth2019b,
       author = {{Duckworth}, Christopher and {Starkenburg}, Tjitske K. and {Genel}, Shy and
         {Davis}, Timothy and {Habouzit}, Melanie and {Kraljic}, Katarina and
         {Tojeiro}, Rita},
        title = "{Decoupling the rotation of stars and gas -- II: the link between black hole activity and MaNGA kinematics in TNG}",
      journal = {arXiv e-prints},
     keywords = {Astrophysics - Astrophysics of Galaxies},
         year = "2019",
        month = "Nov",
          eid = {arXiv:1911.05091},
        pages = {arXiv:1911.05091},
archivePrefix = {arXiv},
       eprint = {1911.05091},
 primaryClass = {astro-ph.GA},
       adsurl = {https://ui.adsabs.harvard.edu/abs/2019arXiv191105091D},
      adsnote = {Provided by the SAO/NASA Astrophysics Data System}
}

@ARTICLE{li_decoupling2019,
       author = {{Li}, Song-lin and {Shi}, Yong and {Bizyaev}, Dmitry and
         {Duckworth}, Christopher and {Yan}, Ren-bin and {Chen}, Yan-mei and
         {Bing}, Long-ji and {Chen}, Jian-hang and {Yu}, Xiao-ling and
         {Riffel}, Rogemar A.},
        title = "{The Impact of Merging on The Origin of Kinematically Misaligned and Counter-rotating Galaxies in MaNGA}",
      journal = {arXiv e-prints},
     keywords = {Astrophysics - Astrophysics of Galaxies},
         year = "2019",
        month = "Dec",
          eid = {arXiv:1912.04522},
        pages = {arXiv:1912.04522},
archivePrefix = {arXiv},
       eprint = {1912.04522},
 primaryClass = {astro-ph.GA},
       adsurl = {https://ui.adsabs.harvard.edu/abs/2019arXiv191204522L},
      adsnote = {Provided by the SAO/NASA Astrophysics Data System}
}

@ARTICLE{roy2018,
       author = {{Roy}, Namrata and {Bundy}, Kevin and {Cheung}, Edmond and
         {Rujopakarn}, Wiphu and {Cappellari}, Michele and
         {Belfiore}, Francesco and {Yan}, Renbin and {Heckman}, Tim and
         {Bershady}, Matthew and {Greene}, Jenny and {Westfall}, Kyle and
         {Drory}, Niv and {Rubin}, Kate and {Law}, David and {Zhang}, Kai and
         {Gelfand}, Joseph and {Bizyaev}, Dmitry and {Wake}, David and
         {Masters}, Karen and {Thomas}, Daniel and {Li}, Cheng and
         {Riffel}, Rogemar A.},
        title = "{Detecting Radio AGN Signatures in Red Geysers}",
      journal = {\apj},
     keywords = {galaxies: evolution, galaxies: formation, galaxies: general, Astrophysics - Astrophysics of Galaxies},
         year = "2018",
        month = "Dec",
       volume = {869},
       number = {2},
          eid = {117},
        pages = {117},
          doi = {10.3847/1538-4357/aaee72},
archivePrefix = {arXiv},
       eprint = {1811.04072},
 primaryClass = {astro-ph.GA},
       adsurl = {https://ui.adsabs.harvard.edu/abs/2018ApJ...869..117R},
      adsnote = {Provided by the SAO/NASA Astrophysics Data System}
}

@INPROCEEDINGS{hoyle1951,
       author = {{Hoyle}, F.},
        title = "{The Origin of the Rotations of the Galaxies}",
    booktitle = {Problems of Cosmical Aerodynamics},
         year = "1951",
        month = "Jan",
        pages = {195},
       adsurl = {https://ui.adsabs.harvard.edu/abs/1951pca..conf..195H},
      adsnote = {Provided by the SAO/NASA Astrophysics Data System}
}

@ARTICLE{peebles1969,
       author = {{Peebles}, P.~J.~E.},
        title = "{Origin of the Angular Momentum of Galaxies}",
      journal = {\apj},
         year = "1969",
        month = "Feb",
       volume = {155},
        pages = {393},
          doi = {10.1086/149876},
       adsurl = {https://ui.adsabs.harvard.edu/abs/1969ApJ...155..393P},
      adsnote = {Provided by the SAO/NASA Astrophysics Data System}
}

@ARTICLE{Doroshkevich1970,
       author = {{Doroshkevich}, A.~G.},
        title = "{Spatial structure of perturbations and origin of galactic rotation in fluctuation theory}",
      journal = {Astrophysics},
         year = "1970",
        month = "Oct",
       volume = {6},
       number = {4},
        pages = {320-330},
          doi = {10.1007/BF01001625},
       adsurl = {https://ui.adsabs.harvard.edu/abs/1970Ap......6..320D},
      adsnote = {Provided by the SAO/NASA Astrophysics Data System}
}

@ARTICLE{mo1998,
       author = {{Mo}, H.~J. and {Mao}, Shude and {White}, Simon D.~M.},
        title = "{The formation of galactic discs}",
      journal = {\mnras},
     keywords = {GALAXIES: FORMATION, GALAXIES: SPIRAL, GALAXIES: STRUCTURE, COSMOLOGY: THEORY, DARK MATTER, Astrophysics},
         year = "1998",
        month = "Apr",
       volume = {295},
       number = {2},
        pages = {319-336},
          doi = {10.1046/j.1365-8711.1998.01227.x},
archivePrefix = {arXiv},
       eprint = {astro-ph/9707093},
 primaryClass = {astro-ph},
       adsurl = {https://ui.adsabs.harvard.edu/abs/1998MNRAS.295..319M},
      adsnote = {Provided by the SAO/NASA Astrophysics Data System}
}

@ARTICLE{cheung2016,
       author = {{Cheung}, Edmond and {Bundy}, Kevin and {Cappellari}, Michele and
         {Peirani}, S{\'e}bastien and {Rujopakarn}, Wiphu and {Westfall}, Kyle and
         {Yan}, Renbin and {Bershady}, Matthew and {Greene}, Jenny E. and
         {Heckman}, Timothy M. and {Drory}, Niv and {Law}, David R. and
         {Masters}, Karen L. and {Thomas}, Daniel and {Wake}, David A. and
         {Weijmans}, Anne-Marie and {Rubin}, Kate and {Belfiore}, Francesco and
         {Vulcani}, Benedetta and {Chen}, Yan-Mei and {Zhang}, Kai and {Gelfand
        }, Joseph D. and {Bizyaev}, Dmitry and {Roman-Lopes}, A. and
         {Schneider}, Donald P.},
        title = "{Suppressing star formation in quiescent galaxies with supermassive black hole winds}",
      journal = {\nat},
     keywords = {Astrophysics - Astrophysics of Galaxies},
         year = "2016",
        month = "May",
       volume = {533},
       number = {7604},
        pages = {504-508},
          doi = {10.1038/nature18006},
archivePrefix = {arXiv},
       eprint = {1605.07626},
 primaryClass = {astro-ph.GA},
       adsurl = {https://ui.adsabs.harvard.edu/abs/2016Natur.533..504C},
      adsnote = {Provided by the SAO/NASA Astrophysics Data System}
}

@ARTICLE{cattaneo2009,
   author = {{Cattaneo}, A. and {Faber}, S.~M. and {Binney}, J. and {Dekel}, A. and 
	{Kormendy}, J. and {Mushotzky}, R. and {Babul}, A. and {Best}, P.~N. and 
	{Br{\"u}ggen}, M. and {Fabian}, A.~C. and {Frenk}, C.~S. and 
	{Khalatyan}, A. and {Netzer}, H. and {Mahdavi}, A. and {Silk}, J. and 
	{Steinmetz}, M. and {Wisotzki}, L.},
    title = "{The role of black holes in galaxy formation and evolution}",
  journal = {\nat},
archivePrefix = "arXiv",
   eprint = {0907.1608},
 primaryClass = "astro-ph.CO",
     year = 2009,
    month = jul,
   volume = 460,
    pages = {213-219},
      doi = {10.1038/nature08135},
   adsurl = {https://ui.adsabs.harvard.edu/abs/2009Natur.460..213C},
  adsnote = {Provided by the SAO/NASA Astrophysics Data System}
}

@ARTICLE{rubin2014,
       author = {{Rubin}, Kate H.~R. and {Prochaska}, J. Xavier and {Koo}, David C. and
         {Phillips}, Andrew C. and {Martin}, Crystal L. and {Winstrom}, Lucas O.},
        title = "{Evidence for Ubiquitous Collimated Galactic-scale Outflows along the Star-forming Sequence at z \raisebox{-0.5ex}\textasciitilde 0.5}",
      journal = {\apj},
     keywords = {galaxies: evolution, galaxies: halos, galaxies: ISM, ultraviolet: ISM, Astrophysics - Cosmology and Nongalactic Astrophysics},
         year = "2014",
        month = "Oct",
       volume = {794},
       number = {2},
          eid = {156},
        pages = {156},
          doi = {10.1088/0004-637X/794/2/156},
archivePrefix = {arXiv},
       eprint = {1307.1476},
 primaryClass = {astro-ph.CO},
       adsurl = {https://ui.adsabs.harvard.edu/abs/2014ApJ...794..156R},
      adsnote = {Provided by the SAO/NASA Astrophysics Data System}
}

@ARTICLE{binney1995,
       author = {{Binney}, J. and {Tabor}, G.},
        title = "{Evolving cooling flows.}",
      journal = {\mnras},
         year = "1995",
        month = "Sep",
       volume = {276},
        pages = {663-678},
          doi = {10.1093/mnras/276.2.663},
       adsurl = {https://ui.adsabs.harvard.edu/abs/1995MNRAS.276..663B},
      adsnote = {Provided by the SAO/NASA Astrophysics Data System}
}

@ARTICLE{ciotti2001,
       author = {{Ciotti}, Luca and {Ostriker}, Jeremiah P.},
        title = "{Cooling Flows and Quasars. II. Detailed Models of Feedback-modulated Accretion Flows}",
      journal = {\apj},
     keywords = {Galaxies: Cooling Flows, Galaxies: Active, Galaxies: Elliptical and Lenticular, cD, Galaxies: ISM, Galaxies: Nuclei, X-Rays: Galaxies, Astrophysics},
         year = "2001",
        month = "Apr",
       volume = {551},
       number = {1},
        pages = {131-152},
          doi = {10.1086/320053},
archivePrefix = {arXiv},
       eprint = {astro-ph/9912064},
 primaryClass = {astro-ph},
       adsurl = {https://ui.adsabs.harvard.edu/abs/2001ApJ...551..131C},
      adsnote = {Provided by the SAO/NASA Astrophysics Data System}
}

@ARTICLE{heckman2014,
       author = {{Heckman}, Timothy M. and {Best}, Philip N.},
        title = "{The Coevolution of Galaxies and Supermassive Black Holes: Insights from Surveys of the Contemporary Universe}",
      journal = {\araa},
     keywords = {Astrophysics - Astrophysics of Galaxies, Astrophysics - Cosmology and Nongalactic Astrophysics, Astrophysics - High Energy Astrophysical Phenomena},
         year = "2014",
        month = "Aug",
       volume = {52},
        pages = {589-660},
          doi = {10.1146/annurev-astro-081913-035722},
archivePrefix = {arXiv},
       eprint = {1403.4620},
 primaryClass = {astro-ph.GA},
       adsurl = {https://ui.adsabs.harvard.edu/abs/2014ARA&A..52..589H},
      adsnote = {Provided by the SAO/NASA Astrophysics Data System}
}

@ARTICLE{penny2018, 
       author = {{Penny}, Samantha J. and {Masters}, Karen L. and {Smethurst}, Rebecca and
         {Nichol}, Robert C. and {Krawczyk}, Coleman M. and {Bizyaev}, Dmitry and
         {Greene}, Olivia and {Liu}, Charles and {Marinelli}, Mariarosa and
         {Rembold}, Sandro B. and {Riffel}, Rogemar A. and
         {Ilha}, Gabriele da Silva and {Wylezalek}, Dominika and
         {Andrews}, Brett H. and {Bundy}, Kevin and {Drory}, Niv and
         {Oravetz}, Daniel and {Pan}, Kaike},
        title = "{SDSS-IV MaNGA: evidence of the importance of AGN feedback in low-mass galaxies}",
      journal = {\mnras},
     keywords = {galaxies: active, galaxies: dwarf, galaxies: evolution, galaxies: kinematics and dynamics, Astrophysics - Astrophysics of Galaxies},
         year = "2018",
        month = "May",
       volume = {476},
       number = {1},
        pages = {979-998},
          doi = {10.1093/mnras/sty202},
archivePrefix = {arXiv},
       eprint = {1710.07568},
 primaryClass = {astro-ph.GA},
       adsurl = {https://ui.adsabs.harvard.edu/abs/2018MNRAS.476..979P},
      adsnote = {Provided by the SAO/NASA Astrophysics Data System}
}

@ARTICLE{ilha2019,
       author = {{Ilha}, Gabriele S. and {Riffel}, Rogemar A. and
         {Schimoia}, Jaderson S. and {Storchi-Bergmann}, Thaisa and {Rembold}, Sand
        ro B. and {Riffel}, Rog{\'e}rio and {Wylezalek}, Dominika and
         {Shi}, Yong and {da Costa}, Luiz N. and {Machado}, Alice D. and
         {Law}, David R. and {Bizyaev}, Dmitry and {Mallmann}, Nicolas D. and
         {Nascimento}, Janaina and {Maia}, Marcio A.~G. and {Cirolini}, Rafael},
        title = "{The first 62 AGN observed with SDSS-IV MaNGA - III: stellar and gas kinematics}",
      journal = {\mnras},
     keywords = {galaxies: active, galaxies: general, galaxies: kinematics and dynamics, Astrophysics - Astrophysics of Galaxies},
         year = "2019",
        month = "Mar",
       volume = {484},
       number = {1},
        pages = {252-268},
          doi = {10.1093/mnras/sty3373},
archivePrefix = {arXiv},
       eprint = {1903.08071},
 primaryClass = {astro-ph.GA},
       adsurl = {https://ui.adsabs.harvard.edu/abs/2019MNRAS.484..252I},
      adsnote = {Provided by the SAO/NASA Astrophysics Data System}
}

@ARTICLE{dubois2016,
       author = {{Dubois}, Yohan and {Peirani}, S{\'e}bastien and {Pichon}, Christophe and
         {Devriendt}, Julien and {Gavazzi}, Rapha{\"e}l and {Welker}, Charlotte and
         {Volonteri}, Marta},
        title = "{The HORIZON-AGN simulation: morphological diversity of galaxies promoted by AGN feedback}",
      journal = {\mnras},
     keywords = {methods: numerical, galaxies: active, galaxies: evolution, galaxies: formation, galaxies: kinematics and dynamics, Astrophysics - Astrophysics of Galaxies},
         year = "2016",
        month = "Dec",
       volume = {463},
       number = {4},
        pages = {3948-3964},
          doi = {10.1093/mnras/stw2265},
archivePrefix = {arXiv},
       eprint = {1606.03086},
 primaryClass = {astro-ph.GA},
       adsurl = {https://ui.adsabs.harvard.edu/abs/2016MNRAS.463.3948D},
      adsnote = {Provided by the SAO/NASA Astrophysics Data System}
}

@ARTICLE{li2019,
       author = {{Li}, Yuan and {Habouzit}, Melanie and {Genel}, Shy and
         {Somerville}, Rachel and {Terrazas}, Bryan A. and {Bell}, Eric F. and
         {Pillepich}, Annalisa and {Nelson}, Dylan and {Weinberger}, Rainer and
         {Rodriguez-Gomez}, Vicente and {Ma}, Chung-Pei and {Pakmor}, Ruediger and
         {Hernquist}, Lars and {Vogelsberger}, Mark},
        title = "{Correlations Between Black Holes and Host Galaxies in the Illustris and IllustrisTNG Simulations}",
      journal = {arXiv e-prints},
     keywords = {Astrophysics - Astrophysics of Galaxies},
         year = "2019",
        month = "Sep",
          eid = {arXiv:1910.00017},
        pages = {arXiv:1910.00017},
archivePrefix = {arXiv},
       eprint = {1910.00017},
 primaryClass = {astro-ph.GA},
       adsurl = {https://ui.adsabs.harvard.edu/abs/2019arXiv191000017L},
      adsnote = {Provided by the SAO/NASA Astrophysics Data System}
}

@ARTICLE{habouzit2019,
       author = {{Habouzit}, M{\'e}lanie and {Genel}, Shy and {Somerville}, Rachel S. and
         {Kocevski}, Dale and {Hirschmann}, Michaela and {Dekel}, Avishai and
         {Choi}, Ena and {Nelson}, Dylan and {Pillepich}, Annalisa and
         {Torrey}, Paul and {Hernquist}, Lars and {Vogelsberger}, Mark and
         {Weinberger}, Rainer and {Springel}, Volker},
        title = "{Linking galaxy structural properties and star formation activity to black hole activity with IllustrisTNG}",
      journal = {\mnras},
     keywords = {methods: numerical, galaxies: evolution, galaxies: formation, Astrophysics - Astrophysics of Galaxies},
         year = "2019",
        month = "Apr",
       volume = {484},
       number = {4},
        pages = {4413-4443},
          doi = {10.1093/mnras/stz102},
archivePrefix = {arXiv},
       eprint = {1809.05588},
 primaryClass = {astro-ph.GA},
       adsurl = {https://ui.adsabs.harvard.edu/abs/2019MNRAS.484.4413H},
      adsnote = {Provided by the SAO/NASA Astrophysics Data System}
}

@ARTICLE{duckworth2019_halo,
       author = {{Duckworth}, Christopher and {Tojeiro}, Rita and {Kraljic}, Katarina and
         {Sgr{\'o}}, Mario A. and {Wild}, Vivienne and {Weijmans}, Anne-Marie and
         {Lacerna}, Ivan and {Drory}, Niv},
        title = "{SDSS-IV MaNGA: signatures of halo assembly in kinematically misaligned galaxies}",
      journal = {\mnras},
     keywords = {galaxies: evolution, galaxies: haloes, galaxies: kinematics and dynamics, dark matter, large-scale structure of Universe, Astrophysics - Astrophysics of Galaxies},
         year = "2019",
        month = "Feb",
       volume = {483},
       number = {1},
        pages = {172-188},
          doi = {10.1093/mnras/sty3101},
archivePrefix = {arXiv},
       eprint = {1811.06408},
 primaryClass = {astro-ph.GA},
       adsurl = {https://ui.adsabs.harvard.edu/abs/2019MNRAS.483..172D},
      adsnote = {Provided by the SAO/NASA Astrophysics Data System}
}

@ARTICLE{duckworth2020,
       author = {{Duckworth}, Christopher and {Tojeiro}, Rita and {Kraljic}, Katarina},
        title = "{Decoupling the rotation of stars and gas - I. The relationship with morphology and halo spin}",
      journal = {\mnras},
     keywords = {galaxies: evolution, galaxies: haloes, galaxies: kinematics and dynamics, Astrophysics - Astrophysics of Galaxies},
         year = "2020",
        month = "Feb",
       volume = {492},
       number = {2},
        pages = {1869-1886},
          doi = {10.1093/mnras/stz3575},
archivePrefix = {arXiv},
       eprint = {1910.10744},
 primaryClass = {astro-ph.GA},
       adsurl = {https://ui.adsabs.harvard.edu/abs/2020MNRAS.492.1869D},
      adsnote = {Provided by the SAO/NASA Astrophysics Data System}
}



@ARTICLE{koudmani2019,
       author = {{Koudmani}, Sophie and {Sijacki}, Debora and {Bourne}, Martin A. and
         {Smith}, Matthew C.},
        title = "{Fast and energetic AGN-driven outflows in simulated dwarf galaxies}",
      journal = {\mnras},
     keywords = {methods: numerical, galaxies: active, galaxies: dwarf, galaxies: formation, Astrophysics - Astrophysics of Galaxies},
         year = "2019",
        month = "Apr",
       volume = {484},
       number = {2},
        pages = {2047-2066},
          doi = {10.1093/mnras/stz097},
archivePrefix = {arXiv},
       eprint = {1812.04629},
 primaryClass = {astro-ph.GA},
       adsurl = {https://ui.adsabs.harvard.edu/abs/2019MNRAS.484.2047K},
      adsnote = {Provided by the SAO/NASA Astrophysics Data System}
}

@ARTICLE{white1978,
       author = {{White}, S.~D.~M. and {Rees}, M.~J.},
        title = "{Core condensation in heavy halos: a two-stage theory for galaxy formation and clustering.}",
      journal = {\mnras},
     keywords = {Astronomical Models, Galactic Clusters, Galactic Evolution, Galactic Nuclei, Gravitational Effects, Halos, Critical Mass, Dark Matter, Dynamic Models, Interstellar Gas, Luminosity, Many Body Problem, Red Shift, Astrophysics, Formation:Galaxies},
         year = "1978",
        month = "May",
       volume = {183},
        pages = {341-358},
          doi = {10.1093/mnras/183.3.341},
       adsurl = {https://ui.adsabs.harvard.edu/abs/1978MNRAS.183..341W},
      adsnote = {Provided by the SAO/NASA Astrophysics Data System}
}

@ARTICLE{khim2019,
       author = {{Khim}, Donghyeon J. and {Yi}, Sukyoung K. and {Dubois}, Yohan and
         {Bryant}, Julia J. and {Pichon}, Christophe and {Croom}, Scott M. and
         {Bland-Hawthorn}, Joss and {Brough}, Sarah and {Choi}, Hoseung and
         {Devriendt}, Julien and {Groves}, Brent and {Owers}, Matt S. and
         {Richards}, Samuel N. and {van de Sande}, Jesse and {Sweet}, Sarah M.},
        title = "{Star-gas misalignment in galaxies: I. The properties of galaxies from the Horizon-AGN simulation and comparisons to SAMI}",
      journal = {arXiv e-prints},
     keywords = {Astrophysics - Astrophysics of Galaxies},
         year = "2019",
        month = "Nov",
          eid = {arXiv:1911.06825},
        pages = {arXiv:1911.06825},
archivePrefix = {arXiv},
       eprint = {1911.06825},
 primaryClass = {astro-ph.GA},
       adsurl = {https://ui.adsabs.harvard.edu/abs/2019arXiv191106825K},
      adsnote = {Provided by the SAO/NASA Astrophysics Data System}
}

@ARTICLE{rgomez2015,
       author = {{Rodriguez-Gomez}, Vicente and {Genel}, Shy and {Vogelsberger}, Mark and
         {Sijacki}, Debora and {Pillepich}, Annalisa and {Sales}, Laura V. and
         {Torrey}, Paul and {Snyder}, Greg and {Nelson}, Dylan and
         {Springel}, Volker and {Ma}, Chung-Pei and {Hernquist}, Lars},
        title = "{The merger rate of galaxies in the Illustris simulation: a comparison with observations and semi-empirical models}",
      journal = {\mnras},
     keywords = {methods: numerical, galaxies: interactions, cosmology: theory, Astrophysics - Astrophysics of Galaxies, Astrophysics - Cosmology and Nongalactic Astrophysics},
         year = "2015",
        month = "May",
       volume = {449},
       number = {1},
        pages = {49-64},
          doi = {10.1093/mnras/stv264},
archivePrefix = {arXiv},
       eprint = {1502.01339},
 primaryClass = {astro-ph.GA},
       adsurl = {https://ui.adsabs.harvard.edu/abs/2015MNRAS.449...49R},
      adsnote = {Provided by the SAO/NASA Astrophysics Data System}
}

@ARTICLE{delapparent1986,
       author = {{de Lapparent}, V. and {Geller}, M.~J. and {Huchra}, J.~P.},
        title = "{A Slice of the Universe}",
      journal = {\apjl},
     keywords = {Big Bang Cosmology, Galactic Evolution, Galactic Structure, Red Shift, Universe, Astronomical Models, Density Distribution, Astrophysics, COSMOLOGY, GALAXIES: CLUSTERING, GALAXIES: FORMATION},
         year = 1986,
        month = mar,
       volume = {302},
        pages = {L1},
          doi = {10.1086/184625},
       adsurl = {https://ui.adsabs.harvard.edu/abs/1986ApJ...302L...1D},
      adsnote = {Provided by the SAO/NASA Astrophysics Data System}
}

@ARTICLE{colless2001,
       author = {{Colless}, Matthew and {Dalton}, Gavin and {Maddox}, Steve and {Sutherland
        }, Will and {Norberg}, Peder and {Cole}, Shaun and {Bland
        -Hawthorn}, Joss and {Bridges}, Terry and {Cannon}, Russell and
         {Collins}, Chris and {Couch}, Warrick and {Cross}, Nicholas and
         {Deeley}, Kathryn and {De Propris}, Roberto and {Driver}, Simon P. and
         {Efstathiou}, George and {Ellis}, Richard S. and {Frenk}, Carlos S. and
         {Glazebrook}, Karl and {Jackson}, Carole and {Lahav}, Ofer and
         {Lewis}, Ian and {Lumsden}, Stuart and {Madgwick}, Darren and
         {Peacock}, John A. and {Peterson}, Bruce A. and {Price}, Ian and
         {Seaborne}, Mark and {Taylor}, Keith},
        title = "{The 2dF Galaxy Redshift Survey: spectra and redshifts}",
      journal = {\mnras},
     keywords = {SURVEYS, GALAXIES: CLUSTERS: GENERAL, GALAXIES: DISTANCES AND REDSHIFTS, COSMOLOGY: OBSERVATIONS, LARGE-SCALE STRUCTURE OF UNIVERSE, Astrophysics},
         year = 2001,
        month = dec,
       volume = {328},
       number = {4},
        pages = {1039-1063},
          doi = {10.1046/j.1365-8711.2001.04902.x},
archivePrefix = {arXiv},
       eprint = {astro-ph/0106498},
 primaryClass = {astro-ph},
       adsurl = {https://ui.adsabs.harvard.edu/abs/2001MNRAS.328.1039C},
      adsnote = {Provided by the SAO/NASA Astrophysics Data System}
}

@ARTICLE{tegmark2004,
       author = {{Tegmark}, Max and {Blanton}, Michael R. and {Strauss}, Michael A. and
         {Hoyle}, Fiona and {Schlegel}, David and {Scoccimarro}, Roman and
         {Vogeley}, Michael S. and {Weinberg}, David H. and {Zehavi}, Idit and
         {Berlind}, Andreas and {Budavari}, Tam{\'a}s and {Connolly}, Andrew and
         {Eisenstein}, Daniel J. and {Finkbeiner}, Douglas and
         {Frieman}, Joshua A. and {Gunn}, James E. and {Hamilton}, Andrew J.~S. and
         {Hui}, Lam and {Jain}, Bhuvnesh and {Johnston}, David and
         {Kent}, Stephen and {Lin}, Huan and {Nakajima}, Reiko and
         {Nichol}, Robert C. and {Ostriker}, Jeremiah P. and {Pope}, Adrian and
         {Scranton}, Ryan and {Seljak}, Uro{\v{s}} and {Sheth}, Ravi K. and
         {Stebbins}, Albert and {Szalay}, Alexander S. and
         {Szapudi}, Istv{\'a}n and {Verde}, Licia and {Xu}, Yongzhong and
         {Annis}, James and {Bahcall}, Neta A. and {Brinkmann}, J. and
         {Burles}, Scott and {Castander}, Francisco J. and {Csabai}, Istvan and
         {Loveday}, Jon and {Doi}, Mamoru and {Fukugita}, Masataka and
         {Gott}, J. Richard, III and {Hennessy}, Greg and {Hogg}, David W. and
         {Ivezi{\'c}}, {\v{Z}}eljko and {Knapp}, Gillian R. and {Lamb}, Don Q. and
         {Lee}, Brian C. and {Lupton}, Robert H. and {McKay}, Timothy A. and
         {Kunszt}, Peter and {Munn}, Jeffrey A. and {O'Connell}, Liam and
         {Peoples}, John and {Pier}, Jeffrey R. and {Richmond}, Michael and
         {Rockosi}, Constance and {Schneider}, Donald P. and
         {Stoughton}, Christopher and {Tucker}, Douglas L. and {Vand
        en Berk}, Daniel E. and {Yanny}, Brian and {York}, Donald G. and
         {SDSS Collaboration}},
        title = "{The Three-Dimensional Power Spectrum of Galaxies from the Sloan Digital Sky Survey}",
      journal = {\apj},
     keywords = {Galaxies: Statistics, Cosmology: Large-Scale Structure of Universe, Methods: Data Analysis, Astrophysics},
         year = 2004,
        month = may,
       volume = {606},
       number = {2},
        pages = {702-740},
          doi = {10.1086/382125},
archivePrefix = {arXiv},
       eprint = {astro-ph/0310725},
 primaryClass = {astro-ph},
       adsurl = {https://ui.adsabs.harvard.edu/abs/2004ApJ...606..702T},
      adsnote = {Provided by the SAO/NASA Astrophysics Data System}
}

@ARTICLE{zeldovich1970,
       author = {{Zel'Dovich}, Y.~B.},
        title = "{Reprint of 1970A\&amp;A.....5...84Z. Gravitational instability: an approximate theory for large density perturbations.}",
      journal = {\aap},
         year = 1970,
        month = mar,
       volume = {500},
        pages = {13-18},
       adsurl = {https://ui.adsabs.harvard.edu/abs/1970A&A.....5...84Z},
      adsnote = {Provided by the SAO/NASA Astrophysics Data System}
}

@ARTICLE{shandarin1989,
       author = {{Shandarin}, S.~F. and {Zeldovich}, Ya. B.},
        title = "{The large-scale structure of the universe: Turbulence, intermittency, structures in a self-gravitating medium}",
      journal = {Reviews of Modern Physics},
         year = 1989,
        month = apr,
       volume = {61},
       number = {2},
        pages = {185-220},
          doi = {10.1103/RevModPhys.61.185},
       adsurl = {https://ui.adsabs.harvard.edu/abs/1989RvMP...61..185S},
      adsnote = {Provided by the SAO/NASA Astrophysics Data System}
}

@ARTICLE{tempel2013,
       author = {{Tempel}, E. and {Stoica}, R.~S. and {Saar}, E.},
        title = "{Evidence for spin alignment of spiral and elliptical/S0 galaxies in filaments}",
      journal = {\mnras},
     keywords = {methods: statistical, galaxies: evolution, galaxies: general, galaxies: statistics, large-scale structure of Universe, Astrophysics - Cosmology and Nongalactic Astrophysics},
         year = 2013,
        month = jan,
       volume = {428},
       number = {2},
        pages = {1827-1836},
          doi = {10.1093/mnras/sts162},
archivePrefix = {arXiv},
       eprint = {1207.0068},
 primaryClass = {astro-ph.CO},
       adsurl = {https://ui.adsabs.harvard.edu/abs/2013MNRAS.428.1827T},
      adsnote = {Provided by the SAO/NASA Astrophysics Data System}
}

@ARTICLE{krolewski2019,
       author = {{Krolewski}, Alex and {Ho}, Shirley and {Chen}, Yen-Chi and
         {Chan}, P.~F. and {Tenneti}, Ananth and {Bizyaev}, Dmitry and
         {Kraljic}, Katarina},
        title = "{Alignment between Filaments and Galaxy Spins from the MaNGA Integral-field Survey}",
      journal = {\apj},
     keywords = {cosmology: observations, galaxies: evolution, galaxies: formation, large-scale structure of universe, Astrophysics - Astrophysics of Galaxies, Astrophysics - Cosmology and Nongalactic Astrophysics},
         year = 2019,
        month = may,
       volume = {876},
       number = {1},
          eid = {52},
        pages = {52},
          doi = {10.3847/1538-4357/ab1010},
archivePrefix = {arXiv},
       eprint = {1902.09797},
 primaryClass = {astro-ph.GA},
       adsurl = {https://ui.adsabs.harvard.edu/abs/2019ApJ...876...52K},
      adsnote = {Provided by the SAO/NASA Astrophysics Data System}
}

@ARTICLE{welker2020,
       author = {{Welker}, C. and {Bland-Hawthorn}, J. and {Van de Sande}, J. and
         {Lagos}, C. and {Elahi}, P. and {Obreschkow}, D. and {Bryant}, J. and
         {Pichon}, C. and {Cortese}, L. and {Richards}, S.~N. and
         {Croom}, S.~M. and {Goodwin}, M. and {Lawrence}, J.~S. and {Sweet}, S. and
         {Lopez-Sanchez}, A. and {Medling}, A. and {Owers}, M.~S. and
         {Dubois}, Y. and {Devriendt}, J.},
        title = "{The SAMI Galaxy Survey: first detection of a transition in spin orientation with respect to cosmic filaments in the stellar kinematics of galaxies}",
      journal = {\mnras},
     keywords = {methods: numerical, galaxies: evolution, galaxies: formation, galaxies: interactions, galaxies: kinematics and dynamics, Astrophysics - Astrophysics of Galaxies, Astrophysics - Cosmology and Nongalactic Astrophysics, Astrophysics - Instrumentation and Methods for Astrophysics},
         year = 2020,
        month = jan,
       volume = {491},
       number = {2},
        pages = {2864-2884},
          doi = {10.1093/mnras/stz2860},
archivePrefix = {arXiv},
       eprint = {1909.12371},
 primaryClass = {astro-ph.GA},
       adsurl = {https://ui.adsabs.harvard.edu/abs/2020MNRAS.491.2864W},
      adsnote = {Provided by the SAO/NASA Astrophysics Data System}
}

@ARTICLE{shi2015,
       author = {{Shi}, Jingjing and {Wang}, Huiyuan and {Mo}, H.~J.},
        title = "{Flow Patterns around Dark Matter Halos: The Link between Halo Dynamical Properties and Large-scale Tidal Field}",
      journal = {\apj},
     keywords = {dark matter, galaxies: halos, large-scale structure of universe, methods: statistical, Astrophysics - Cosmology and Nongalactic Astrophysics},
         year = 2015,
        month = jul,
       volume = {807},
       number = {1},
          eid = {37},
        pages = {37},
          doi = {10.1088/0004-637X/807/1/37},
archivePrefix = {arXiv},
       eprint = {1501.07764},
 primaryClass = {astro-ph.CO},
       adsurl = {https://ui.adsabs.harvard.edu/abs/2015ApJ...807...37S},
      adsnote = {Provided by the SAO/NASA Astrophysics Data System}
}

@ARTICLE{faltenbacher2010,
       author = {{Faltenbacher}, Andreas and {White}, Simon D.~M.},
        title = "{Assembly Bias and the Dynamical Structure of Dark Matter Halos}",
      journal = {\apj},
     keywords = {cosmology: theory, dark matter, methods: N-body simulations, Astrophysics - Cosmology and Nongalactic Astrophysics},
         year = 2010,
        month = jan,
       volume = {708},
       number = {1},
        pages = {469-473},
          doi = {10.1088/0004-637X/708/1/469},
archivePrefix = {arXiv},
       eprint = {0909.4302},
 primaryClass = {astro-ph.CO},
       adsurl = {https://ui.adsabs.harvard.edu/abs/2010ApJ...708..469F},
      adsnote = {Provided by the SAO/NASA Astrophysics Data System}
}

@ARTICLE{garaldi2018,
       author = {{Garaldi}, Enrico and {Romano-D{\'\i}az}, Emilio and
         {Borzyszkowski}, Mikolaj and {Porciani}, Cristiano},
        title = "{ZOMG - III. The effect of halo assembly on the satellite population}",
      journal = {\mnras},
     keywords = {galaxies: evolution, galaxies: formation, galaxies: haloes, Local Group, galaxies: structure, Astrophysics - Astrophysics of Galaxies},
         year = 2018,
        month = jan,
       volume = {473},
       number = {2},
        pages = {2234-2250},
          doi = {10.1093/mnras/stx2489},
archivePrefix = {arXiv},
       eprint = {1707.01108},
 primaryClass = {astro-ph.GA},
       adsurl = {https://ui.adsabs.harvard.edu/abs/2018MNRAS.473.2234G},
      adsnote = {Provided by the SAO/NASA Astrophysics Data System}
}

@ARTICLE{dey2019,
       author = {{Dey}, Arjun and {Schlegel}, David J. and {Lang}, Dustin and
         {Blum}, Robert and {Burleigh}, Kaylan and {Fan}, Xiaohui and
         {Findlay}, Joseph R. and {Finkbeiner}, Doug and {Herrera}, David and
         {Juneau}, St{\'e}phanie and {Landriau}, Martin and {Levi}, Michael and
         {McGreer}, Ian and {Meisner}, Aaron and {Myers}, Adam D. and
         {Moustakas}, John and {Nugent}, Peter and {Patej}, Anna and
         {Schlafly}, Edward F. and {Walker}, Alistair R. and
         {Valdes}, Francisco and {Weaver}, Benjamin A. and
         {Y{\`e}che}, Christophe and {Zou}, Hu and {Zhou}, Xu and
         {Abareshi}, Behzad and {Abbott}, T.~M.~C. and {Abolfathi}, Bela and
         {Aguilera}, C. and {Alam}, Shadab and {Allen}, Lori and {Alvarez}, A. and
         {Annis}, James and {Ansarinejad}, Behzad and {Aubert}, Marie and
         {Beechert}, Jacqueline and {Bell}, Eric F. and {BenZvi}, Segev Y. and
         {Beutler}, Florian and {Bielby}, Richard M. and {Bolton}, Adam S. and
         {Brice{\~n}o}, C{\'e}sar and {Buckley-Geer}, Elizabeth J. and
         {Butler}, Karen and {Calamida}, Annalisa and {Carlberg}, Raymond G. and
         {Carter}, Paul and {Casas}, Ricard and {Castander}, Francisco J. and
         {Choi}, Yumi and {Comparat}, Johan and {Cukanovaite}, Elena and
         {Delubac}, Timoth{\'e}e and {DeVries}, Kaitlin and {Dey}, Sharmila and
         {Dhungana}, Govinda and {Dickinson}, Mark and {Ding}, Zhejie and
         {Donaldson}, John B. and {Duan}, Yutong and
         {Duckworth}, Christopher J. and {Eftekharzadeh}, Sarah and
         {Eisenstein}, Daniel J. and {Etourneau}, Thomas and
         {Fagrelius}, Parker A. and {Farihi}, Jay and {Fitzpatrick}, Mike and
         {Font-Ribera}, Andreu and {Fulmer}, Leah and {G{\"a}nsicke}, Boris T. and
         {Gaztanaga}, Enrique and {George}, Koshy and {Gerdes}, David W. and
         {Gontcho}, Satya Gontcho A. and {Gorgoni}, Claudio and
         {Green}, Gregory and {Guy}, Julien and {Harmer}, Diane and {Hernand
        ez}, M. and {Honscheid}, Klaus and {Huang}, Lijuan Wendy and
         {James}, David J. and {Jannuzi}, Buell T. and {Jiang}, Linhua and
         {Joyce}, Richard and {Karcher}, Armin and {Karkar}, Sonia and
         {Kehoe}, Robert and {Kneib}, Jean-Paul and {Kueter-Young}, Andrea and
         {Lan}, Ting-Wen and {Lauer}, Tod R. and {Le Guillou}, Laurent and
         {Le Van Suu}, Auguste and {Lee}, Jae Hyeon and {Lesser}, Michael and
         {Perreault Levasseur}, Laurence and {Li}, Ting S. and
         {Mann}, Justin L. and {Marshall}, Robert and
         {Mart{\'\i}nez-V{\'a}zquez}, C.~E. and {Martini}, Paul and
         {du Mas des Bourboux}, H{\'e}lion and {McManus}, Sean and
         {Meier}, Tobias Gabriel and {M{\'e}nard}, Brice and {Metcalfe}, Nigel and
         {Mu{\~n}oz-Guti{\'e}rrez}, Andrea and {Najita}, Joan and
         {Napier}, Kevin and {Narayan}, Gautham and {Newman}, Jeffrey A. and
         {Nie}, Jundan and {Nord}, Brian and {Norman}, Dara J. and
         {Olsen}, Knut A.~G. and {Paat}, Anthony and
         {Palanque-Delabrouille}, Nathalie and {Peng}, Xiyan and
         {Poppett}, Claire L. and {Poremba}, Megan R. and {Prakash}, Abhishek and
         {Rabinowitz}, David and {Raichoor}, Anand and {Rezaie}, Mehdi and
         {Robertson}, A.~N. and {Roe}, Natalie A. and {Ross}, Ashley J. and
         {Ross}, Nicholas P. and {Rudnick}, Gregory and {Safonova}, Sasha and
         {Saha}, Abhijit and {S{\'a}nchez}, F. Javier and {Savary}, Elodie and
         {Schweiker}, Heidi and {Scott}, Adam and {Seo}, Hee-Jong and
         {Shan}, Huanyuan and {Silva}, David R. and {Slepian}, Zachary and
         {Soto}, Christian and {Sprayberry}, David and {Staten}, Ryan and
         {Stillman}, Coley M. and {Stupak}, Robert J. and {Summers}, David L. and
         {Sien Tie}, Suk and {Tirado}, H. and {Vargas-Maga{\~n}a}, Mariana and
         {Vivas}, A. Katherina and {Wechsler}, Risa H. and {Williams}, Doug and
         {Yang}, Jinyi and {Yang}, Qian and {Yapici}, Tolga and
         {Zaritsky}, Dennis and {Zenteno}, A. and {Zhang}, Kai and
         {Zhang}, Tianmeng and {Zhou}, Rongpu and {Zhou}, Zhimin},
        title = "{Overview of the DESI Legacy Imaging Surveys}",
      journal = {\aj},
     keywords = {catalogs, surveys, Astrophysics - Instrumentation and Methods for Astrophysics},
         year = 2019,
        month = may,
       volume = {157},
       number = {5},
          eid = {168},
        pages = {168},
          doi = {10.3847/1538-3881/ab089d},
archivePrefix = {arXiv},
       eprint = {1804.08657},
 primaryClass = {astro-ph.IM},
       adsurl = {https://ui.adsabs.harvard.edu/abs/2019AJ....157..168D},
      adsnote = {Provided by the SAO/NASA Astrophysics Data System}
}

@ARTICLE{sande2019,
       author = {{van de Sande}, Jesse and {Lagos}, Claudia D.~P. and
         {Welker}, Charlotte and {Bland-Hawthorn}, Joss and {Schulze}, Felix and
         {Remus}, Rhea-Silvia and {Bah{\'e}}, Yannick and {Brough}, Sarah and
         {Bryant}, Julia J. and {Cortese}, Luca and {Croom}, Scott M. and
         {Devriendt}, Julien and {Dubois}, Yohan and {Goodwin}, Michael and
         {Konstantopoulos}, Iraklis S. and {Lawrence}, Jon S. and
         {Medling}, Anne M. and {Pichon}, Christophe and {Richards}, Samuel N. and
         {Sanchez}, Sebastian F. and {Scott}, Nicholas and {Sweet}, Sarah M.},
        title = "{The SAMI Galaxy Survey: comparing 3D spectroscopic observations with galaxies from cosmological hydrodynamical simulations}",
      journal = {\mnras},
     keywords = {galaxies: evolution, galaxies: formation, galaxies: kinematics and dynamics, galaxies: stellar content, galaxies: structure, cosmology: observations, Astrophysics - Astrophysics of Galaxies, Astrophysics - Cosmology and Nongalactic Astrophysics},
         year = 2019,
        month = mar,
       volume = {484},
       number = {1},
        pages = {869-891},
          doi = {10.1093/mnras/sty3506},
archivePrefix = {arXiv},
       eprint = {1810.10542},
 primaryClass = {astro-ph.GA},
       adsurl = {https://ui.adsabs.harvard.edu/abs/2019MNRAS.484..869V},
      adsnote = {Provided by the SAO/NASA Astrophysics Data System}
}

@ARTICLE{dubois2014,
       author = {{Dubois}, Y. and {Pichon}, C. and {Welker}, C. and {Le Borgne}, D. and
         {Devriendt}, J. and {Laigle}, C. and {Codis}, S. and {Pogosyan}, D. and
         {Arnouts}, S. and {Benabed}, K. and {Bertin}, E. and {Blaizot}, J. and
         {Bouchet}, F. and {Cardoso}, J. -F. and {Colombi}, S. and
         {de Lapparent}, V. and {Desjacques}, V. and {Gavazzi}, R. and
         {Kassin}, S. and {Kimm}, T. and {McCracken}, H. and {Milliard}, B. and
         {Peirani}, S. and {Prunet}, S. and {Rouberol}, S. and {Silk}, J. and
         {Slyz}, A. and {Sousbie}, T. and {Teyssier}, R. and {Tresse}, L. and
         {Treyer}, M. and {Vibert}, D. and {Volonteri}, M.},
        title = "{Dancing in the dark: galactic properties trace spin swings along the cosmic web}",
      journal = {\mnras},
     keywords = {methods: numerical, galaxies: evolution, galaxies: formation, galaxies: kinematics and dynamics, cosmology: theory, large-scale structure of Universe, Astrophysics - Cosmology and Nongalactic Astrophysics},
         year = 2014,
        month = oct,
       volume = {444},
       number = {2},
        pages = {1453-1468},
          doi = {10.1093/mnras/stu1227},
archivePrefix = {arXiv},
       eprint = {1402.1165},
 primaryClass = {astro-ph.CO},
       adsurl = {https://ui.adsabs.harvard.edu/abs/2014MNRAS.444.1453D},
      adsnote = {Provided by the SAO/NASA Astrophysics Data System}
}

@ARTICLE{bahe2017,
       author = {{Bah{\'e}}, Yannick M. and {Barnes}, David J. and
         {Dalla Vecchia}, Claudio and {Kay}, Scott T. and {White}, Simon D.~M. and
         {McCarthy}, Ian G. and {Schaye}, Joop and {Bower}, Richard G. and
         {Crain}, Robert A. and {Theuns}, Tom and {Jenkins}, Adrian and
         {McGee}, Sean L. and {Schaller}, Matthieu and {Thomas}, Peter A. and
         {Trayford}, James W.},
        title = "{The Hydrangea simulations: galaxy formation in and around massive clusters}",
      journal = {\mnras},
     keywords = {methods: numerical, galaxies: clusters: general, galaxies: stellar content, Astrophysics - Astrophysics of Galaxies, Astrophysics - Cosmology and Nongalactic Astrophysics},
         year = 2017,
        month = oct,
       volume = {470},
       number = {4},
        pages = {4186-4208},
          doi = {10.1093/mnras/stx1403},
archivePrefix = {arXiv},
       eprint = {1703.10610},
 primaryClass = {astro-ph.GA},
       adsurl = {https://ui.adsabs.harvard.edu/abs/2017MNRAS.470.4186B},
      adsnote = {Provided by the SAO/NASA Astrophysics Data System}
}

@ARTICLE{schaye2015,
       author = {{Schaye}, Joop and {Crain}, Robert A. and {Bower}, Richard G. and
         {Furlong}, Michelle and {Schaller}, Matthieu and {Theuns}, Tom and
         {Dalla Vecchia}, Claudio and {Frenk}, Carlos S. and {McCarthy}, I.~G. and
         {Helly}, John C. and {Jenkins}, Adrian and {Rosas-Guevara}, Y.~M. and
         {White}, Simon D.~M. and {Baes}, Maarten and {Booth}, C.~M. and
         {Camps}, Peter and {Navarro}, Julio F. and {Qu}, Yan and
         {Rahmati}, Alireza and {Sawala}, Till and {Thomas}, Peter A. and
         {Trayford}, James},
        title = "{The EAGLE project: simulating the evolution and assembly of galaxies and their environments}",
      journal = {\mnras},
     keywords = {methods: numerical, galaxies: evolution, galaxies: formation, cosmology: theory, Astrophysics - Astrophysics of Galaxies, Astrophysics - Cosmology and Nongalactic Astrophysics},
         year = 2015,
        month = jan,
       volume = {446},
       number = {1},
        pages = {521-554},
          doi = {10.1093/mnras/stu2058},
archivePrefix = {arXiv},
       eprint = {1407.7040},
 primaryClass = {astro-ph.GA},
       adsurl = {https://ui.adsabs.harvard.edu/abs/2015MNRAS.446..521S},
      adsnote = {Provided by the SAO/NASA Astrophysics Data System}
}

@ARTICLE{harborne2020,
       author = {{Harborne}, K.~E. and {Power}, C. and {Robotham}, A.~S.~G.},
        title = "{SimSpin -- Constructing mock IFS kinematic data cubes}",
      journal = {arXiv e-prints},
     keywords = {Astrophysics - Astrophysics of Galaxies},
         year = 2020,
        month = mar,
          eid = {arXiv:2003.07641},
        pages = {arXiv:2003.07641},
archivePrefix = {arXiv},
       eprint = {2003.07641},
 primaryClass = {astro-ph.GA},
       adsurl = {https://ui.adsabs.harvard.edu/abs/2020arXiv200307641H},
      adsnote = {Provided by the SAO/NASA Astrophysics Data System}
}

@ARTICLE{harborne2019,
       author = {{Harborne}, K.~E. and {Power}, C. and {Robotham}, A.~S.~G. and
         {Cortese}, L. and {Taranu}, D.~S.},
        title = "{A numerical twist on the spin parameter, {\ensuremath{\lambda}}$_{R}$}",
      journal = {\mnras},
     keywords = {Galaxy: evolution, galaxies: kinematics and dynamics, Astrophysics - Astrophysics of Galaxies},
         year = 2019,
        month = feb,
       volume = {483},
       number = {1},
        pages = {249-262},
          doi = {10.1093/mnras/sty3120},
archivePrefix = {arXiv},
       eprint = {1811.06148},
 primaryClass = {astro-ph.GA},
       adsurl = {https://ui.adsabs.harvard.edu/abs/2019MNRAS.483..249H},
      adsnote = {Provided by the SAO/NASA Astrophysics Data System}
}

@ARTICLE{sijacki2009,
       author = {{Sijacki}, Debora and {Springel}, Volker and {Haehnelt}, Martin G.},
        title = "{Growing the first bright quasars in cosmological simulations of structure formation}",
      journal = {\mnras},
     keywords = {black hole physics, methods: numerical, cosmology: theory, Astrophysics - Cosmology and Nongalactic Astrophysics, Astrophysics - Astrophysics of Galaxies},
         year = 2009,
        month = nov,
       volume = {400},
       number = {1},
        pages = {100-122},
          doi = {10.1111/j.1365-2966.2009.15452.x},
archivePrefix = {arXiv},
       eprint = {0905.1689},
 primaryClass = {astro-ph.CO},
       adsurl = {https://ui.adsabs.harvard.edu/abs/2009MNRAS.400..100S},
      adsnote = {Provided by the SAO/NASA Astrophysics Data System}
}

@ARTICLE{dimatteo2012,
       author = {{Di Matteo}, T. and {Khandai}, N. and {DeGraf}, C. and {Feng}, Y. and
         {Croft}, R.~A.~C. and {Lopez}, J. and {Springel}, V.},
        title = "{Cold Flows and the First Quasars}",
      journal = {\apjl},
     keywords = {cosmology: theory, galaxies: active, galaxies: evolution, galaxies: formation, hydrodynamics, quasars: general, Astrophysics - Cosmology and Nongalactic Astrophysics},
         year = 2012,
        month = feb,
       volume = {745},
       number = {2},
          eid = {L29},
        pages = {L29},
          doi = {10.1088/2041-8205/745/2/L29},
archivePrefix = {arXiv},
       eprint = {1107.1253},
 primaryClass = {astro-ph.CO},
       adsurl = {https://ui.adsabs.harvard.edu/abs/2012ApJ...745L..29D},
      adsnote = {Provided by the SAO/NASA Astrophysics Data System}
}

@ARTICLE{hirschmann2014,
       author = {{Hirschmann}, Michaela and {Dolag}, Klaus and {Saro}, Alexandro and
         {Bachmann}, Lisa and {Borgani}, Stefano and {Burkert}, Andreas},
        title = "{Cosmological simulations of black hole growth: AGN luminosities and downsizing}",
      journal = {\mnras},
     keywords = {methods: numerical, galaxies: active, galaxies: evolution, quasars: general, quasars: supermassive black holes, galaxies: statistics, Astrophysics - Cosmology and Nongalactic Astrophysics},
         year = 2014,
        month = aug,
       volume = {442},
       number = {3},
        pages = {2304-2324},
          doi = {10.1093/mnras/stu1023},
archivePrefix = {arXiv},
       eprint = {1308.0333},
 primaryClass = {astro-ph.CO},
       adsurl = {https://ui.adsabs.harvard.edu/abs/2014MNRAS.442.2304H},
      adsnote = {Provided by the SAO/NASA Astrophysics Data System}
}

@ARTICLE{sijacki2015,
       author = {{Sijacki}, Debora and {Vogelsberger}, Mark and {Genel}, Shy and
         {Springel}, Volker and {Torrey}, Paul and {Snyder}, Gregory F. and
         {Nelson}, Dylan and {Hernquist}, Lars},
        title = "{The Illustris simulation: the evolving population of black holes across cosmic time}",
      journal = {\mnras},
     keywords = {methods: numerical, galaxies: formation, quasars: supermassive black holes, cosmology: theory, Astrophysics - Astrophysics of Galaxies, Astrophysics - Cosmology and Nongalactic Astrophysics},
         year = 2015,
        month = sep,
       volume = {452},
       number = {1},
        pages = {575-596},
          doi = {10.1093/mnras/stv1340},
archivePrefix = {arXiv},
       eprint = {1408.6842},
 primaryClass = {astro-ph.GA},
       adsurl = {https://ui.adsabs.harvard.edu/abs/2015MNRAS.452..575S},
      adsnote = {Provided by the SAO/NASA Astrophysics Data System}
}

@ARTICLE{sijacki2007,
       author = {{Sijacki}, Debora and {Springel}, Volker and {Di Matteo}, Tiziana and
         {Hernquist}, Lars},
        title = "{A unified model for AGN feedback in cosmological simulations of structure formation}",
      journal = {\mnras},
     keywords = {black hole physics, methods: numerical, galaxies: clusters: general, galaxies: formation, cosmology: theory, Astrophysics},
         year = 2007,
        month = sep,
       volume = {380},
       number = {3},
        pages = {877-900},
          doi = {10.1111/j.1365-2966.2007.12153.x},
archivePrefix = {arXiv},
       eprint = {0705.2238},
 primaryClass = {astro-ph},
       adsurl = {https://ui.adsabs.harvard.edu/abs/2007MNRAS.380..877S},
      adsnote = {Provided by the SAO/NASA Astrophysics Data System}
}

@ARTICLE{hubble1926,
       author = {{Hubble}, E.~P.},
        title = "{Extragalactic nebulae.}",
      journal = {\apj},
         year = 1926,
        month = dec,
       volume = {64},
        pages = {321-369},
          doi = {10.1086/143018},
       adsurl = {https://ui.adsabs.harvard.edu/abs/1926ApJ....64..321H},
      adsnote = {Provided by the SAO/NASA Astrophysics Data System}
}

@BOOK{hubble1936,
       author = {{Hubble}, E.~P.},
        title = "{Realm of the Nebulae}",
         year = 1936,
       adsurl = {https://ui.adsabs.harvard.edu/abs/1936rene.book.....H},
      adsnote = {Provided by the SAO/NASA Astrophysics Data System}
}

@ARTICLE{york2000,
       author = {{York}, Donald G. and {Adelman}, J. and {Anderson}, John E., Jr. and
         {Anderson}, Scott F. and {Annis}, James and {Bahcall}, Neta A. and
         {Bakken}, J.~A. and {Barkhouser}, Robert and {Bastian}, Steven and
         {Berman}, Eileen and {Boroski}, William N. and {Bracker}, Steve and
         {Briegel}, Charlie and {Briggs}, John W. and {Brinkmann}, J. and
         {Brunner}, Robert and {Burles}, Scott and {Carey}, Larry and
         {Carr}, Michael A. and {Castander}, Francisco J. and {Chen}, Bing and
         {Colestock}, Patrick L. and {Connolly}, A.~J. and {Crocker}, J.~H. and
         {Csabai}, Istv{\'a}n and {Czarapata}, Paul C. and {Davis}, John Eric and
         {Doi}, Mamoru and {Dombeck}, Tom and {Eisenstein}, Daniel and
         {Ellman}, Nancy and {Elms}, Brian R. and {Evans}, Michael L. and
         {Fan}, Xiaohui and {Federwitz}, Glenn R. and {Fiscelli}, Larry and
         {Friedman}, Scott and {Frieman}, Joshua A. and {Fukugita}, Masataka and
         {Gillespie}, Bruce and {Gunn}, James E. and {Gurbani}, Vijay K. and
         {de Haas}, Ernst and {Haldeman}, Merle and {Harris}, Frederick H. and
         {Hayes}, J. and {Heckman}, Timothy M. and {Hennessy}, G.~S. and
         {Hindsley}, Robert B. and {Holm}, Scott and {Holmgren}, Donald J. and
         {Huang}, Chi-hao and {Hull}, Charles and {Husby}, Don and
         {Ichikawa}, Shin-Ichi and {Ichikawa}, Takashi and
         {Ivezi{\'c}}, {\v{Z}}eljko and {Kent}, Stephen and {Kim}, Rita S.~J. and
         {Kinney}, E. and {Klaene}, Mark and {Kleinman}, A.~N. and
         {Kleinman}, S. and {Knapp}, G.~R. and {Korienek}, John and
         {Kron}, Richard G. and {Kunszt}, Peter Z. and {Lamb}, D.~Q. and
         {Lee}, B. and {Leger}, R. French and {Limmongkol}, Siriluk and
         {Lindenmeyer}, Carl and {Long}, Daniel C. and {Loomis}, Craig and
         {Loveday}, Jon and {Lucinio}, Rich and {Lupton}, Robert H. and
         {MacKinnon}, Bryan and {Mannery}, Edward J. and {Mantsch}, P.~M. and
         {Margon}, Bruce and {McGehee}, Peregrine and {McKay}, Timothy A. and
         {Meiksin}, Avery and {Merelli}, Aronne and {Monet}, David G. and
         {Munn}, Jeffrey A. and {Narayanan}, Vijay K. and {Nash}, Thomas and
         {Neilsen}, Eric and {Neswold}, Rich and {Newberg}, Heidi Jo and
         {Nichol}, R.~C. and {Nicinski}, Tom and {Nonino}, Mario and
         {Okada}, Norio and {Okamura}, Sadanori and {Ostriker}, Jeremiah P. and
         {Owen}, Russell and {Pauls}, A. George and {Peoples}, John and
         {Peterson}, R.~L. and {Petravick}, Donald and {Pier}, Jeffrey R. and
         {Pope}, Adrian and {Pordes}, Ruth and {Prosapio}, Angela and
         {Rechenmacher}, Ron and {Quinn}, Thomas R. and {Richards}, Gordon T. and
         {Richmond}, Michael W. and {Rivetta}, Claudio H. and
         {Rockosi}, Constance M. and {Ruthmansdorfer}, Kurt and {Sand
        ford}, Dale and {Schlegel}, David J. and {Schneider}, Donald P. and
         {Sekiguchi}, Maki and {Sergey}, Gary and {Shimasaku}, Kazuhiro and
         {Siegmund}, Walter A. and {Smee}, Stephen and {Smith}, J. Allyn and
         {Snedden}, S. and {Stone}, R. and {Stoughton}, Chris and
         {Strauss}, Michael A. and {Stubbs}, Christopher and {SubbaRao}, Mark and
         {Szalay}, Alexander S. and {Szapudi}, Istvan and {Szokoly}, Gyula P. and
         {Thakar}, Anirudda R. and {Tremonti}, Christy and {Tucker}, Douglas L. and
         {Uomoto}, Alan and {Vanden Berk}, Dan and {Vogeley}, Michael S. and
         {Waddell}, Patrick and {Wang}, Shu-i. and {Watanabe}, Masaru and
         {Weinberg}, David H. and {Yanny}, Brian and {Yasuda}, Naoki and
         {SDSS Collaboration}},
        title = "{The Sloan Digital Sky Survey: Technical Summary}",
      journal = {\aj},
     keywords = {Cosmology: Observations, Instrumentation: Miscellaneous, Astrophysics},
         year = 2000,
        month = sep,
       volume = {120},
       number = {3},
        pages = {1579-1587},
          doi = {10.1086/301513},
archivePrefix = {arXiv},
       eprint = {astro-ph/0006396},
 primaryClass = {astro-ph},
       adsurl = {https://ui.adsabs.harvard.edu/abs/2000AJ....120.1579Y},
      adsnote = {Provided by the SAO/NASA Astrophysics Data System}
}

@ARTICLE{gama2009,
       author = {{Driver}, Simon P. and {Norberg}, Peder and {Baldry}, Ivan K. and
         {Bamford}, Steven P. and {Hopkins}, Andrew M. and {Liske}, Jochen and
         {Loveday}, Jon and {Peacock}, John A. and {Hill}, D.~T. and
         {Kelvin}, L.~S. and {Robotham}, A.~S.~G. and {Cross}, N.~J.~G. and
         {Parkinson}, H.~R. and {Prescott}, M. and {Conselice}, C.~J. and
         {Dunne}, L. and {Brough}, S. and {Jones}, H. and {Sharp}, R.~G. and
         {van Kampen}, E. and {Oliver}, S. and {Roseboom}, I.~G. and {Bland
        -Hawthorn}, J. and {Croom}, S.~M. and {Ellis}, S. and {Cameron}, E. and
         {Cole}, S. and {Frenk}, C.~S. and {Couch}, W.~J. and {Graham}, A.~W. and
         {Proctor}, R. and {De Propris}, R. and {Doyle}, I.~F. and
         {Edmondson}, E.~M. and {Nichol}, R.~C. and {Thomas}, D. and
         {Eales}, S.~A. and {Jarvis}, M.~J. and {Kuijken}, K. and {Lahav}, O. and
         {Madore}, B.~F. and {Seibert}, M. and {Meyer}, M.~J. and
         {Staveley-Smith}, L. and {Phillipps}, S. and {Popescu}, C.~C. and
         {Sansom}, A.~E. and {Sutherland}, W.~J. and {Tuffs}, R.~J. and
         {Warren}, S.~J.},
        title = "{GAMA: towards a physical understanding of galaxy formation}",
      journal = {Astronomy and Geophysics},
     keywords = {Astrophysics - Cosmology and Extragalactic Astrophysics},
         year = 2009,
        month = oct,
       volume = {50},
       number = {5},
        pages = {5.12-5.19},
          doi = {10.1111/j.1468-4004.2009.50512.x},
archivePrefix = {arXiv},
       eprint = {0910.5123},
 primaryClass = {astro-ph.CO},
       adsurl = {https://ui.adsabs.harvard.edu/abs/2009A&G....50e..12D},
      adsnote = {Provided by the SAO/NASA Astrophysics Data System}
}

@ARTICLE{lintott2011,
       author = {{Lintott}, Chris and {Schawinski}, Kevin and {Bamford}, Steven and
         {Slosar}, An{\r{a}}{\textthreequarters}e and {Land}, Kate and
         {Thomas}, Daniel and {Edmondson}, Edd and {Masters}, Karen and
         {Nichol}, Robert C. and {Raddick}, M. Jordan and {Szalay}, Alex and
         {Andreescu}, Dan and {Murray}, Phil and {Vandenberg}, Jan},
        title = "{Galaxy Zoo 1: data release of morphological classifications for nearly 900 000 galaxies}",
      journal = {\mnras},
     keywords = {methods: data analysis, galaxies: elliptical and lenticular, cD, galaxies: general, galaxies: spiral, Astrophysics - Galaxy Astrophysics, Astrophysics - Cosmology and Extragalactic Astrophysics},
         year = 2011,
        month = jan,
       volume = {410},
       number = {1},
        pages = {166-178},
          doi = {10.1111/j.1365-2966.2010.17432.x},
archivePrefix = {arXiv},
       eprint = {1007.3265},
 primaryClass = {astro-ph.GA},
       adsurl = {https://ui.adsabs.harvard.edu/abs/2011MNRAS.410..166L},
      adsnote = {Provided by the SAO/NASA Astrophysics Data System}
}

@ARTICLE{vogelsberger2014a,
       author = {{Vogelsberger}, Mark and {Genel}, Shy and {Springel}, Volker and
         {Torrey}, Paul and {Sijacki}, Debora and {Xu}, Dandan and
         {Snyder}, Greg and {Nelson}, Dylan and {Hernquist}, Lars},
        title = "{Introducing the Illustris Project: simulating the coevolution of dark and visible matter in the Universe}",
      journal = {\mnras},
     keywords = {methods: numerical, cosmology: theory, Astrophysics - Cosmology and Nongalactic Astrophysics},
         year = 2014,
        month = oct,
       volume = {444},
       number = {2},
        pages = {1518-1547},
          doi = {10.1093/mnras/stu1536},
archivePrefix = {arXiv},
       eprint = {1405.2921},
 primaryClass = {astro-ph.CO},
       adsurl = {https://ui.adsabs.harvard.edu/abs/2014MNRAS.444.1518V},
      adsnote = {Provided by the SAO/NASA Astrophysics Data System}
}

@ARTICLE{vogelsberger2014b,
       author = {{Vogelsberger}, M. and {Genel}, S. and {Springel}, V. and {Torrey}, P. and
         {Sijacki}, D. and {Xu}, D. and {Snyder}, G. and {Bird}, S. and
         {Nelson}, D. and {Hernquist}, L.},
        title = "{Properties of galaxies reproduced by a hydrodynamic simulation}",
      journal = {\nat},
     keywords = {Astrophysics - Cosmology and Nongalactic Astrophysics},
         year = 2014,
        month = may,
       volume = {509},
       number = {7499},
        pages = {177-182},
          doi = {10.1038/nature13316},
archivePrefix = {arXiv},
       eprint = {1405.1418},
 primaryClass = {astro-ph.CO},
       adsurl = {https://ui.adsabs.harvard.edu/abs/2014Natur.509..177V},
      adsnote = {Provided by the SAO/NASA Astrophysics Data System}
}

@ARTICLE{genel2014,
       author = {{Genel}, Shy and {Vogelsberger}, Mark and {Springel}, Volker and
         {Sijacki}, Debora and {Nelson}, Dylan and {Snyder}, Greg and
         {Rodriguez-Gomez}, Vicente and {Torrey}, Paul and {Hernquist}, Lars},
        title = "{Introducing the Illustris project: the evolution of galaxy populations across cosmic time}",
      journal = {\mnras},
     keywords = {hydrodynamics, methods: numerical, galaxies: evolution, galaxies: formation, galaxies: high-redshift, cosmology: theory, Astrophysics - Cosmology and Nongalactic Astrophysics, Astrophysics - Astrophysics of Galaxies},
         year = 2014,
        month = nov,
       volume = {445},
       number = {1},
        pages = {175-200},
          doi = {10.1093/mnras/stu1654},
archivePrefix = {arXiv},
       eprint = {1405.3749},
 primaryClass = {astro-ph.CO},
       adsurl = {https://ui.adsabs.harvard.edu/abs/2014MNRAS.445..175G},
      adsnote = {Provided by the SAO/NASA Astrophysics Data System}
}

@ARTICLE{sijacki2015,
       author = {{Sijacki}, Debora and {Vogelsberger}, Mark and {Genel}, Shy and
         {Springel}, Volker and {Torrey}, Paul and {Snyder}, Gregory F. and
         {Nelson}, Dylan and {Hernquist}, Lars},
        title = "{The Illustris simulation: the evolving population of black holes across cosmic time}",
      journal = {\mnras},
     keywords = {methods: numerical, galaxies: formation, quasars: supermassive black holes, cosmology: theory, Astrophysics - Astrophysics of Galaxies, Astrophysics - Cosmology and Nongalactic Astrophysics},
         year = 2015,
        month = sep,
       volume = {452},
       number = {1},
        pages = {575-596},
          doi = {10.1093/mnras/stv1340},
archivePrefix = {arXiv},
       eprint = {1408.6842},
 primaryClass = {astro-ph.GA},
       adsurl = {https://ui.adsabs.harvard.edu/abs/2015MNRAS.452..575S},
      adsnote = {Provided by the SAO/NASA Astrophysics Data System}
}

@ARTICLE{dave2019,
       author = {{Dav{\'e}}, Romeel and {Angl{\'e}s-Alc{\'a}zar}, Daniel and
         {Narayanan}, Desika and {Li}, Qi and {Rafieferantsoa}, Mika H. and
         {Appleby}, Sarah},
        title = "{SIMBA: Cosmological simulations with black hole growth and feedback}",
      journal = {\mnras},
     keywords = {galaxies: evolution, galaxies: formation, Astrophysics - Astrophysics of Galaxies, Astrophysics - Cosmology and Nongalactic Astrophysics},
         year = 2019,
        month = jun,
       volume = {486},
       number = {2},
        pages = {2827-2849},
          doi = {10.1093/mnras/stz937},
archivePrefix = {arXiv},
       eprint = {1901.10203},
 primaryClass = {astro-ph.GA},
       adsurl = {https://ui.adsabs.harvard.edu/abs/2019MNRAS.486.2827D},
      adsnote = {Provided by the SAO/NASA Astrophysics Data System}
}


@ARTICLE{dressler1980},
       author = {{Dressler}, A.},
        title = "{Galaxy morphology in rich clusters: implications for the formation and evolution of galaxies.}",
      journal = {\apj},
     keywords = {Elliptical Galaxies, Galactic Clusters, Galactic Evolution, Galactic Structure, Spiral Galaxies, Astronomical Maps, Density Distribution, Interstellar Gas, Telescopes, Universe, X Ray Astronomy, Astrophysics},
         year = 1980,
        month = mar,
       volume = {236},
        pages = {351-365},
          doi = {10.1086/157753},
       adsurl = {https://ui.adsabs.harvard.edu/abs/1980ApJ...236..351D},
      adsnote = {Provided by the SAO/NASA Astrophysics Data System}
}

@ARTICLE{whitmore1993,
       author = {{Whitmore}, Bradley C. and {Gilmore}, Diane M. and {Jones}, Christine},
        title = "{What Determines the Morphological Fractions in Clusters of Galaxies?}",
      journal = {\apj},
     keywords = {Elliptical Galaxies, Galactic Clusters, Spiral Galaxies, Astronomical Models, Galactic Evolution, Galactic Structure, X Ray Astronomy, Astrophysics, GALAXIES: CLUSTERING, GALAXIES: FUNDAMENTAL PARAMETERS},
         year = 1993,
        month = apr,
       volume = {407},
        pages = {489},
          doi = {10.1086/172531},
       adsurl = {https://ui.adsabs.harvard.edu/abs/1993ApJ...407..489W},
      adsnote = {Provided by the SAO/NASA Astrophysics Data System}
}


@ARTICLE{gunn1972},
       author = {{Gunn}, James E. and {Gott}, J. Richard, III},
        title = "{On the Infall of Matter Into Clusters of Galaxies and Some Effects on Their Evolution}",
      journal = {\apj},
         year = 1972,
        month = aug,
       volume = {176},
        pages = {1},
          doi = {10.1086/151605},
       adsurl = {https://ui.adsabs.harvard.edu/abs/1972ApJ...176....1G},
      adsnote = {Provided by the SAO/NASA Astrophysics Data System}
}

@ARTICLE{moore1996,
       author = {{Moore}, Ben and {Katz}, Neal and {Lake}, George and {Dressler}, Alan and
         {Oemler}, Augustus},
        title = "{Galaxy harassment and the evolution of clusters of galaxies}",
      journal = {\nat},
     keywords = {Astrophysics},
         year = 1996,
        month = feb,
       volume = {379},
       number = {6566},
        pages = {613-616},
          doi = {10.1038/379613a0},
archivePrefix = {arXiv},
       eprint = {astro-ph/9510034},
 primaryClass = {astro-ph},
       adsurl = {https://ui.adsabs.harvard.edu/abs/1996Natur.379..613M},
      adsnote = {Provided by the SAO/NASA Astrophysics Data System}
}

@ARTICLE{larson1980,
       author = {{Larson}, R.~B. and {Tinsley}, B.~M. and {Caldwell}, C.~N.},
        title = "{The evolution of disk galaxies and the origin of S0 galaxies}",
      journal = {\apj},
     keywords = {Disk Galaxies, Galactic Evolution, Spiral Galaxies, Digital Simulation, Galactic Structure, Gas Evolution, Stellar Evolution, Stellar Magnitude, Astrophysics},
         year = 1980,
        month = may,
       volume = {237},
        pages = {692-707},
          doi = {10.1086/157917},
       adsurl = {https://ui.adsabs.harvard.edu/abs/1980ApJ...237..692L},
      adsnote = {Provided by the SAO/NASA Astrophysics Data System}
}

@ARTICLE{eardley2015,
       author = {{Eardley}, E. and {Peacock}, J.~A. and {McNaught-Roberts}, T. and
         {Heymans}, C. and {Norberg}, P. and {Alpaslan}, M. and {Baldry}, I. and
         {Bland-Hawthorn}, J. and {Brough}, S. and {Cluver}, M.~E. and
         {Driver}, S.~P. and {Farrow}, D.~J. and {Liske}, J. and {Loveday}, J. and
         {Robotham}, A.~S.~G.},
        title = "{Galaxy And Mass Assembly (GAMA): the galaxy luminosity function within the cosmic web}",
      journal = {\mnras},
     keywords = {surveys, galaxies: luminosity function, mass function, cosmology: observations, large-scale structure of Universe, Astrophysics - Cosmology and Nongalactic Astrophysics, Astrophysics - Astrophysics of Galaxies},
         year = 2015,
        month = apr,
       volume = {448},
       number = {4},
        pages = {3665-3678},
          doi = {10.1093/mnras/stv237},
archivePrefix = {arXiv},
       eprint = {1412.2141},
 primaryClass = {astro-ph.CO},
       adsurl = {https://ui.adsabs.harvard.edu/abs/2015MNRAS.448.3665E},
      adsnote = {Provided by the SAO/NASA Astrophysics Data System}
}

@ARTICLE{libeskind2018,
       author = {{Libeskind}, Noam I. and {van de Weygaert}, Rien and {Cautun}, Marius and
         {Falck}, Bridget and {Tempel}, Elmo and {Abel}, Tom and
         {Alpaslan}, Mehmet and {Arag{\'o}n-Calvo}, Miguel A. and
         {Forero-Romero}, Jaime E. and {Gonzalez}, Roberto and
         {Gottl{\"o}ber}, Stefan and {Hahn}, Oliver and {Hellwing}, Wojciech A. and
         {Hoffman}, Yehuda and {Jones}, Bernard J.~T. and {Kitaura}, Francisco and
         {Knebe}, Alexander and {Manti}, Serena and {Neyrinck}, Mark and
         {Nuza}, Sebasti{\'a}n E. and {Padilla}, Nelson and {Platen}, Erwin and
         {Ramachandra}, Nesar and {Robotham}, Aaron and {Saar}, Enn and {Shand
        arin}, Sergei and {Steinmetz}, Matthias and {Stoica}, Radu S. and
         {Sousbie}, Thierry and {Yepes}, Gustavo},
        title = "{Tracing the cosmic web}",
      journal = {\mnras},
     keywords = {methods: data analysis, dark matter, large-scale structure of the Universe, cosmology: theory, Astrophysics - Cosmology and Nongalactic Astrophysics},
         year = 2018,
        month = jan,
       volume = {473},
       number = {1},
        pages = {1195-1217},
          doi = {10.1093/mnras/stx1976},
archivePrefix = {arXiv},
       eprint = {1705.03021},
 primaryClass = {astro-ph.CO},
       adsurl = {https://ui.adsabs.harvard.edu/abs/2018MNRAS.473.1195L},
      adsnote = {Provided by the SAO/NASA Astrophysics Data System}
}

